
  Date     ,Narration                                                                                                                ,Value Dat,Debit Amount       ,Credit Amount      ,Chq/Ref Number   ,Closing Balance
 01/04/21  ,UPI-MAHAVEER RAVDI BHAND-PAYTMQR2810050501011WD152SYLQS9@PAYTM-PYTM0123456-109117589868-UPI                              ,01/04/21 ,          60.00     ,           0.00     ,0000109117589868       ,       30996.00  
 02/04/21  ,POS 512968XXXXXX3237 PAYPAL *DIGITALO                                                                                    ,02/04/21 ,         386.60     ,           0.00     ,0000000000881138       ,       30609.40  
 02/04/21  ,POS 512968XXXXXX3237 DIGITALOCEAN COM                                                                                    ,02/04/21 ,         367.32     ,           0.00     ,0000000000880634       ,       30242.08  
 02/04/21  ,POS 512968XXXXXX3237 DIGITALOCEAN COM                                                                                    ,02/04/21 ,        -367.32     ,           0.00     ,0000000000880634       ,       30609.40  
 02/04/21  ,UPI-MANAN  BINDRA-MANANBINDRA.IT21@OKSBI-SBIN0032081-109212261993-UPI                                                    ,02/04/21 ,           0.00     ,           1.00     ,0000109212261993       ,       30610.40  
 02/04/21  ,UPI-MANAN  BINDRA-MANANBINDRA.IT21@OKSBI-SBIN0032081-109213633694-UPI                                                    ,02/04/21 ,           0.00     ,       20000.00     ,0000109213633694       ,       50610.40  
 03/04/21  ,UPI-MS NITIKA KHANDELWAL-NITIKA1396-1@OKICICI-IDIB000J525-109317196168-UPI                                               ,03/04/21 ,           0.00     ,         500.00     ,0000109317196168       ,       51110.40  
 05/04/21  ,UPI-HARISH KESNANI-PAYTMQR2810050501013RJ2K5JJZE6O@PAYTM-PYTM0123456-109515866773-UPI                                    ,05/04/21 ,         190.00     ,           0.00     ,0000109515866773       ,       50920.40  
 07/04/21  ,UPI-MS NITIKA KHANDELWAL-NITIKA1396-1@OKICICI-IDIB000J525-109723325776-SAVINGS                                           ,08/04/21 ,           0.00     ,       20000.00     ,0000109723325776       ,       70920.40  
 07/04/21  ,UPI-MS NITIKA KHANDELWAL-NITIKA1396-1@OKICICI-IDIB000J525-109723326901-UPI                                               ,08/04/21 ,           0.00     ,        5000.00     ,0000109723326901       ,       75920.40  
 09/04/21  ,UPI-MS NITIKA KHANDELWAL-NITIKA1396-1@OKICICI-IDIB000J525-109917602955-UPI                                               ,09/04/21 ,       25000.00     ,           0.00     ,0000109917602955       ,       50920.40  
 10/04/21  ,UPI-NAVAL KISHORE-PAYTMQR2810050501012I6UQJWRS4QW@PAYTM-PYTM0123456-110017292211-UPI                                     ,10/04/21 ,         120.00     ,           0.00     ,0000110017292211       ,       50800.40  
 10/04/21  ,UPI-PAYTM-ADD-MONEY@PAYTM-PYTM0123456-110091785899-OID13333126489@ADD                                                    ,10/04/21 ,         200.00     ,           0.00     ,0000110091785899       ,       50600.40  
 11/04/21  ,UPI-SUYASH  THAKUR-SUYASHTHAKUR910@OKSBI-SBIN0002998-110100217348-UPI                                                    ,11/04/21 ,         500.00     ,           0.00     ,0000110100217348       ,       50100.40  
 11/04/21  ,REV-UPI-50100180034651-HARDIKKHANDELWAL500@OKHDFCBANK-PAY-110100217348-UPI                                               ,11/04/21 ,           0.00     ,         500.00     ,0000110100217348       ,       50600.40  
 11/04/21  ,UPI-PAYTM-ADD-MONEY@PAYTM-PYTM0123456-110101329571-OID13174131507@ADD                                                    ,11/04/21 ,         500.00     ,           0.00     ,0000110101329571       ,       50100.40  
 12/04/21  ,UPI-AMAZON-AMAZON@APL-UTIB0000100-110214687767-YOU ARE PAYING FOR                                                        ,12/04/21 ,         199.00     ,           0.00     ,0000110214687767       ,       49901.40  
 16/04/21  ,POS 512968XXXXXX3237 STEAMGAMES.COM 4                                                                                    ,16/04/21 ,         374.00     ,           0.00     ,0000000000103014       ,       49527.40  
 20/04/21  ,UPI-MS NITIKA KHANDELWAL-NITIKA1396-1@OKICICI-IDIB000J525-111015208023-UPI                                               ,20/04/21 ,           0.00     ,         200.00     ,0000111015208023       ,       49727.40  
 21/04/21  ,UPI-XXXXXX3483-PYTM0123456-111152545088-NA                                                                               ,21/04/21 ,        1000.00     ,           0.00     ,0000111152545088       ,       48727.40  
 25/04/21  ,UPI-EURONETGPAY-EURONETGPAY.PAY@ICICI-ICIC0000001-111510295853-UPI                                                       ,25/04/21 ,          49.00     ,           0.00     ,0000111510295853       ,       48678.40  
 27/04/21  ,UPI-BHOORA SINGH-9639742821@PAYTM-PYTM0123456-111781696264-NA                                                            ,27/04/21 ,        4500.00     ,           0.00     ,0000111781696264       ,       44178.40  
 29/04/21  ,UPI-SWIGGY-UPISWIGGY@ICICI-ICIC0000001-111918640613-UPI                                                                  ,29/04/21 ,         302.00     ,           0.00     ,0000111918640613       ,       43876.40  
 06/05/21  ,UPI-AKASH HALDAR-AKASHHALDAR6@YBL-INDB0001564-112611489540-UPI                                                           ,06/05/21 ,        6000.00     ,           0.00     ,0000112611489540       ,       37876.40  
 07/05/21  ,UPI-KRISHNA-KMATHURIA13@OKICICI-CNRB0000033-112719336715-UPI                                                             ,07/05/21 ,           0.00     ,        2400.00     ,0000112719336715       ,       40276.40  
 08/05/21  ,UPI-NITIKA KHANDELWAL-PAYTM-56475485@PAYTM-PYTM0123456-112818036177-OID202105081702500                                   ,08/05/21 ,           1.00     ,           0.00     ,0000112818036177       ,       40275.40  
 24/05/21  ,UPI-SUNIL  BHAKRIWAL-SUNILBHAKHRIWAL@OKSBI-SBIN0011396-114418032775-UPI                                                  ,24/05/21 ,           0.00     ,       40000.00     ,0000114418032775       ,       80275.40  
 24/05/21  ,UPI-SUNIL  BHAKRIWAL-SUNILBHAKHRIWAL@OKSBI-SBIN0011396-114418051729-UPI                                                  ,24/05/21 ,           0.00     ,       26000.00     ,0000114418051729       ,      106275.40  
 24/05/21  ,UPI-XXXXXX8084-SBIN0031029-114421656884-UPI                                                                              ,24/05/21 ,        1000.00     ,           0.00     ,0000114421656884       ,      105275.40  
 24/05/21  ,UPI-XXXXXX8084-SBIN0031029-114421702678-UPI                                                                              ,24/05/21 ,       65000.00     ,           0.00     ,0000114421702678       ,       40275.40  
 26/05/21  ,UPI-BILLDESKTEZ-BILLDESK.PREPAID-MOBILE@ICICI-ICIC0000555-114610405835-UPI                                               ,26/05/21 ,          33.00     ,           0.00     ,0000114610405835       ,       40242.40  
 26/05/21  ,UPI-BILLDESKTEZ-BILLDESK.PREPAID-MOBILE@ICICI-ICIC0000555-114610424752-UPI                                               ,26/05/21 ,          20.00     ,           0.00     ,0000114610424752       ,       40222.40  
 26/05/21  ,UPI-BILLDESKTEZ-BILLDESK.PREPAID-MOBILE@ICICI-ICIC0000555-114611084879-UPI                                               ,26/05/21 ,          10.00     ,           0.00     ,0000114611084879       ,       40212.40  
 27/05/21  ,UPI-BILLDESKTEZ-BILLDESK-TEZ@ICICI-ICIC0000555-114717400054-REVERSAL                                                     ,27/05/21 ,           0.00     ,          20.00     ,0000114717400054       ,       40232.40  
 22/06/21  ,UPI-PAYTM-ADD-MONEY@PAYTM-PYTM0123456-117304615846-OID14009134485@ADD                                                    ,22/06/21 ,         813.00     ,           0.00     ,0000117304615846       ,       39419.40  
 25/06/21  ,UPI-MANAN  BINDRA-MANANBINDRA63@OKSBI-SBIN0032081-117611394959-UPI                                                       ,25/06/21 ,           0.00     ,       10000.00     ,0000117611394959       ,       49419.40  
 27/06/21  ,UPI-YASH  GOYAL-DRYASHGOYAL01@OKSBI-SBIN0031403-117803851472-UPI                                                         ,27/06/21 ,         350.00     ,           0.00     ,0000117803851472       ,       49069.40  
 27/06/21  ,UPI-TAAZA FAL-PAYTMQR281005050101KAXDR3CQ5B12@PAYTM-PYTM0123456-117803998204-UPI                                         ,27/06/21 ,          87.00     ,           0.00     ,0000117803998204       ,       48982.40  
 28/06/21  ,UPI-HARISH KESNANI-PAYTMQR2810050501013RJ2K5JJZE6O@PAYTM-PYTM0123456-117915540879-UPI                                    ,28/06/21 ,         200.00     ,           0.00     ,0000117915540879       ,       48782.40  
 01/07/21  ,CREDIT INTEREST CAPITALISED                                                                                              ,30/06/21 ,           0.00     ,         329.00     ,000000000000000        ,       49111.40  
 07/07/21  ,UPI-HARISH KESNANI-PAYTMQR2810050501013RJ2K5JJZE6O@PAYTM-PYTM0123456-118817291658-UPI                                    ,07/07/21 ,         179.00     ,           0.00     ,0000118817291658       ,       48932.40  
 07/07/21  ,UPI-JYOTI GENERA STORE-PAYTMQR28100505010179914UVTVKS9@PAYTM-PYTM0123456-118817316619-UPI                                ,07/07/21 ,          50.00     ,           0.00     ,0000118817316619       ,       48882.40  
 07/07/21  ,UPI-SUYASH  THAKUR-SUYASHTHAKUR910@OKSBI-SBIN0002998-118821402244-UPI                                                    ,07/07/21 ,           0.00     ,         900.00     ,0000118821402244       ,       49782.40  
 08/07/21  ,UPI-GOOGLEPAY-GOOG-PAYMENT@OKAXIS-UTIB0000553-118920358456-EARNED FOR USING G                                            ,08/07/21 ,           0.00     ,           6.00     ,0000118920358456       ,       49788.40  
 09/07/21  ,UPI-UNDEROOF-Q37407377@YBL-INDB0000592-119040496076-UPI                                                                  ,09/07/21 ,        2900.00     ,           0.00     ,0000119040496076       ,       46888.40  
 12/07/21  ,NEFT CR-UTIB0001454-HUSYS CONSULTING LIMITED-MR  HARDIK KHANDELWAL-AXISP00210607376                                      ,12/07/21 ,           0.00     ,      119025.00     ,AXISP00210607376       ,      165913.40  
 15/07/21  ,UPI-SUB NORTH DEVELOPMEN-Q656010336@YBL-YESB0YBLUPI-119608414815-UPI                                                     ,15/07/21 ,         415.00     ,           0.00     ,0000119608414815       ,      165498.40  
 15/07/21  ,UPI-SUB NORTH DEVELOPMEN-Q656010336@YBL-YESB0YBLUPI-119608596542-UPI                                                     ,15/07/21 ,          90.00     ,           0.00     ,0000119608596542       ,      165408.40  
 17/07/21  ,UPI-NAVAL KISHORE-PAYTMQR2810050501012I6UQJWRS4QW@PAYTM-PYTM0123456-119829506796-UPI                                     ,17/07/21 ,         480.00     ,           0.00     ,0000119829506796       ,      164928.40  
 18/07/21  ,UPI-INSTAKART SERVICES P-MSWIPE.1400100120032496@KOTAK-KKBK0000958-119938010093-UPI                                      ,18/07/21 ,         799.00     ,           0.00     ,0000119938010093       ,      164129.40  
 21/07/21  ,IMPS-120212719297-NEXTBILLION TECHNOLO-HDFC-XXXXXXXXXXX7539-FUNDS TRANSFER                                               ,21/07/21 ,           0.00     ,           1.00     ,0000120212719297       ,      164130.40  
 26/07/21  ,UPI-GOOGLEPAY-GOOG-PAYMENT@OKAXIS-UTIB0000553-120712690330-REWARDED FOR MAKIN                                            ,26/07/21 ,           0.00     ,           2.00     ,0000120712690330       ,      164132.40  
 26/07/21  ,ATW-512967XXXXXX9293-S1ANJP38-JAIPUR                                                                                     ,26/07/21 ,         500.00     ,           0.00     ,0000000000001716       ,      163632.40  
 26/07/21  ,UPI-MRS MEENA  KHANDELWA-9413385609@PAYTM-IDIB000J525-120790029408-NA                                                    ,26/07/21 ,           1.00     ,           0.00     ,0000120790029408       ,      163631.40  
 28/07/21  ,UPI-NITIKA KHANDELWAL-NITIKA1396-2@OKICICI-ICIC0006757-120984026088-UPI                                                  ,28/07/21 ,           0.00     ,        2000.00     ,0000120984026088       ,      165631.40  
 31/07/21  ,UPI-NITIKA KHANDELWAL-PAYTM-56475485@PAYTM-PYTM0123456-121262174023-OID202107312035590                                   ,31/07/21 ,           1.00     ,           0.00     ,0000121262174023       ,      165630.40  
 01/08/21  ,UPI-NITIKA KHANDELWAL-NITIKA1396-2@OKICICI-ICIC0006757-121393403943-UPI                                                  ,01/08/21 ,           1.00     ,           0.00     ,0000121393403943       ,      165629.40  
 01/08/21  ,UPI-KANHA FOODS AND HOSP-Q27435948@YBL-YESB0YBLUPI-121399893810-UPI                                                      ,01/08/21 ,        2196.00     ,           0.00     ,0000121399893810       ,      163433.40  
 02/08/21  ,UPI-MS NITIKA KHANDELWAL-NITIKA1396-1@OKICICI-IDIB000J525-121444744945-UPI                                               ,02/08/21 ,           0.00     ,         720.00     ,0000121444744945       ,      164153.40  
 08/08/21  ,UPI-SOFTY CORNER-PAYTMQR2810050501011HIFMU4LWQYJ@PAYTM-PYTM0123456-122090482452-UPI                                      ,08/08/21 ,         100.00     ,           0.00     ,0000122090482452       ,      164053.40  
 13/08/21  ,UPI-CREDCLUB-CREDCLUB@ICICI-ICIC0000001-122551615772-PAYMENT ON CRED                                                     ,13/08/21 ,         172.00     ,           0.00     ,0000122551615772       ,      163881.40  
 13/08/21  ,NEFT CR-UTIB0001454-HUSYS CONSULTING LIMITED-MR  HARDIK KHANDELWAL-AXISP00218005606                                      ,13/08/21 ,           0.00     ,      101250.00     ,AXISP00218005606       ,      265131.40  
 14/08/21  ,UPI-MIRAJ ENTERTAINMENT -MSWIPE.1400031121000066@KOTAK-KKBK0000958-122664019137-UPI                                      ,14/08/21 ,         450.00     ,           0.00     ,0000122664019137       ,      264681.40  
 17/08/21  ,CHQ PAID-MICR CTS-NO-UNION EQUITY FUND G                                                                                 ,17/08/21 ,        2000.00     ,           0.00     ,0000000000000002       ,      262681.40  
 21/08/21  ,UPI-IRCTC WEB UPI-PAYTM-651536@PAYTM-PYTM0123456-123388563799-OID100002857107784                                         ,21/08/21 ,         519.09     ,           0.00     ,0000123388563799       ,      262162.31  
 01/09/21  ,UPI-NEXTBILLION TECHNOLO-GROWW.RAZORPAY@HDFCBANK-HDFC0000053-124479845227-GROWW                                          ,01/09/21 ,        1500.00     ,           0.00     ,0000124479845227       ,      260662.31  
 02/09/21  ,UPI-RAKESH SONI-RAKESH.SONI1998@OKAXIS-UTIB0003155-124534230539-UPI                                                      ,02/09/21 ,           0.00     ,       25000.00     ,0000124534230539       ,      285662.31  
 02/09/21  ,UPI-JYOTI GENERA STORE-PAYTMQR28100505010179914UVTVKS9@PAYTM-PYTM0123456-124591060926-UPI                                ,02/09/21 ,         275.00     ,           0.00     ,0000124591060926       ,      285387.31  
 02/09/21  ,UPI-HARISH KESNANI-PAYTMQR2810050501013RJ2K5JJZE6O@PAYTM-PYTM0123456-124591133765-UPI                                    ,02/09/21 ,         200.00     ,           0.00     ,0000124591133765       ,      285187.31  
 02/09/21  ,UPI-NEXTBILLIONTECHNOLOG-GROWW.RAZORPAY@ICICI-ICIC0000001-124541599915-GROWW                                             ,02/09/21 ,       10000.00     ,           0.00     ,0000124541599915       ,      275187.31  
 08/09/21  ,UPI-NEXTBILLION TECHNOLO-GROWW.RAZORPAY@HDFCBANK-HDFC0000499-125169137060-GROWW                                          ,08/09/21 ,        1364.00     ,           0.00     ,0000125169137060       ,      273823.31  
 08/09/21  ,UPI-GUVVALA VENKATA SAI-VSAI4466@OKHDFCBANK-PYTM0123456-125174416419-UPI                                                 ,08/09/21 ,        5000.00     ,           0.00     ,0000125174416419       ,      268823.31  
 10/09/21  ,UPI-NEXTBILLION TECHNOLO-GROWW.RAZORPAY@HDFCBANK-HDFC0000499-125394585149-GROWW                                          ,10/09/21 ,        5000.00     ,           0.00     ,0000125394585149       ,      263823.31  
 17/09/21  ,NEFT CR-UTIB0001454-HUSYS CONSULTING LIMITED-MR  HARDIK KHANDELWAL-AXISP00225558544                                      ,17/09/21 ,           0.00     ,      102600.00     ,AXISP00225558544       ,      366423.31  
 18/09/21  ,ACH D- UNIONMF18092021 CAMS-592000012028                                                                                 ,18/09/21 ,        2000.00     ,           0.00     ,0000008010438261       ,      364423.31  
 18/09/21  ,IMPS-126110350687-CASHFREE PRIVATE LIM-HDFC-XXXXXX7325-INDWEALTH BANK DETAILS VALIDATION                                 ,18/09/21 ,           0.00     ,           1.00     ,0000126110350687       ,      364424.31  
 21/09/21  ,UPI-HARISH KESNANI-PAYTMQR2810050501013RJ2K5JJZE6O@PAYTM-PYTM0123456-126438280530-UPI                                    ,21/09/21 ,         160.00     ,           0.00     ,0000126438280530       ,      364264.31  
 22/09/21  ,POS 512967XXXXXX9293 PAYU-WWW.DINEOUT                                                                                    ,22/09/21 ,        1892.00     ,           0.00     ,0000100096079636       ,      362372.31  
 23/09/21  ,NEFT CR-KKBK0000958-UNIVERSITY OF PETROLEUM AND ENERGY STUDI-KHANDELWAL HARDIK-KKBK212669500056                          ,23/09/21 ,           0.00     ,       40500.00     ,KKBK212669500056       ,      402872.31  
 23/09/21  ,UPI-SACHIN KUMAR GARG-Q36770111@YBL-HDFC0001437-126662301664-UPI                                                         ,23/09/21 ,         120.00     ,           0.00     ,0000126662301664       ,      402752.31  
 23/09/21  ,UPI-NEXTBILLIONTECHNOLOG-GROWW.RAZORPAY@ICICI-ICIC0000001-126624897375-GROWW                                             ,23/09/21 ,        6000.00     ,           0.00     ,0000126624897375       ,      396752.31  
 24/09/21  ,UPI-HPGAS-PAYPHI.HPGAS@ICICI-ICIC0000004-126774499475-UPI                                                                ,24/09/21 ,         888.50     ,           0.00     ,0000126774499475       ,      395863.81  
 25/09/21  ,UPI-RAZORPAY-RAZORPAY.1@ICICI-ICIC0000001-126895284040-INDMONEY                                                          ,25/09/21 ,       35000.00     ,           0.00     ,0000126895284040       ,      360863.81  
 25/09/21  ,1570477349/HDFCLIFECLESI                                                                                                 ,25/09/21 ,      104500.00     ,           0.00     ,0000212683835875       ,      256363.81  
 30/09/21  ,UPI-MR HARDIK KHANDELWAL-HARDIKKHANDELWAL500-1@OKHDFCBANK-IDIB000J525-127358760624-UPI                                   ,30/09/21 ,           0.00     ,       20000.00     ,0000127358760624       ,      276363.81  
 30/09/21  ,UPI-MR HARDIK KHANDELWAL-HARDIKKHANDELWAL500-1@OKHDFCBANK-IDIB000J525-127358770567-UPI                                   ,30/09/21 ,           0.00     ,       20000.00     ,0000127358770567       ,      296363.81  
 30/09/21  ,UPI-MR HARDIK KHANDELWAL-HARDIKKHANDELWAL500-1@OKHDFCBANK-IDIB000J525-127358776422-UPI                                   ,30/09/21 ,           0.00     ,       20000.00     ,0000127358776422       ,      316363.81  
 30/09/21  ,UPI-MR HARDIK KHANDELWAL-HARDIKKHANDELWAL500-1@OKHDFCBANK-IDIB000J525-127358792364-UPI                                   ,30/09/21 ,           0.00     ,       20000.00     ,0000127358792364       ,      336363.81  
 30/09/21  ,UPI-MR HARDIK KHANDELWAL-HARDIKKHANDELWAL500-1@OKHDFCBANK-IDIB000J525-127358805118-UPI                                   ,30/09/21 ,           0.00     ,       20000.00     ,0000127358805118       ,      356363.81  
 01/10/21  ,CREDIT INTEREST CAPITALISED                                                                                              ,30/09/21 ,           0.00     ,        1620.00     ,000000000000000        ,      357983.81  
 01/10/21  ,UPI-HARISH KESNANI-PAYTMQR2810050501013RJ2K5JJZE6O@PAYTM-PYTM0123456-127476881277-UPI                                    ,01/10/21 ,         220.00     ,           0.00     ,0000127476881277       ,      357763.81  
 02/10/21  ,UPI-MR HARDIK KHANDELWAL-HARDIKKHANDELWAL500-1@OKHDFCBANK-IDIB000J525-127589346938-UPI                                   ,02/10/21 ,           0.00     ,       20000.00     ,0000127589346938       ,      377763.81  
 02/10/21  ,UPI-MR HARDIK KHANDELWAL-HARDIKKHANDELWAL500-1@OKHDFCBANK-IDIB000J525-127589357553-UPI                                   ,02/10/21 ,           0.00     ,       20000.00     ,0000127589357553       ,      397763.81  
 02/10/21  ,UPI-MR HARDIK KHANDELWAL-HARDIKKHANDELWAL500-1@OKHDFCBANK-IDIB000J525-127589361380-UPI                                   ,02/10/21 ,           0.00     ,       20000.00     ,0000127589361380       ,      417763.81  
 02/10/21  ,UPI-MR HARDIK KHANDELWAL-HARDIKKHANDELWAL500-1@OKHDFCBANK-IDIB000J525-127589366575-UPI                                   ,02/10/21 ,           0.00     ,       20000.00     ,0000127589366575       ,      437763.81  
 02/10/21  ,POS 512967XXXXXX9293 AMAZON                                                                                              ,03/10/21 ,        8541.00     ,           0.00     ,0000T90258999944       ,      429222.81  
 03/10/21  ,UPI-NEXTBILLIONTECHNOLOG-GROWW.RAZORPAY@ICICI-ICIC0000001-127602965568-GROWW                                             ,03/10/21 ,       10000.00     ,           0.00     ,0000127602965568       ,      419222.81  
 05/10/21  ,POS 512967XXXXXX9293 AMAZON                                                                                              ,05/10/21 ,       15378.04     ,           0.00     ,0000T90264977567       ,      403844.77  
 05/10/21  ,UPI-SACHIN KUMAR GARG-Q36770111@YBL-HDFC0001437-127837692447-UPI                                                         ,05/10/21 ,         870.00     ,           0.00     ,0000127837692447       ,      402974.77  
 07/10/21  ,UPI-NEXTBILLIONTECHNOLOG-GROWW.RAZORPAY@ICICI-ICIC0000001-128068704848-GROWW                                             ,07/10/21 ,        3000.00     ,           0.00     ,0000128068704848       ,      399974.77  
 09/10/21  ,UPI-NAVAL KISHORE-PAYTMQR2810050501012I6UQJWRS4QW@PAYTM-PYTM0123456-128294242980-UPI                                     ,09/10/21 ,         120.00     ,           0.00     ,0000128294242980       ,      399854.77  
 09/10/21  ,UPI-ZOMATO LTD-ZOMATO-ORDER@PAYTM-PYTM0123456-128296531707-ZOMATO PAYMENT                                                ,09/10/21 ,         188.00     ,           0.00     ,0000128296531707       ,      399666.77  
 09/10/21  ,UPI-ZOMATO LTD-ZOMATO-ORDER@PAYTM-PYTM0123456-128296618812-ZOMATO PAYMENT                                                ,09/10/21 ,         457.30     ,           0.00     ,0000128296618812       ,      399209.47  
 10/10/21  ,UPI-INDIANCLEARINGCORPOR-BSESTARMFRZP@ICICI-ICIC0000004-128365366248-BSEINDIACOM                                         ,10/10/21 ,        5000.00     ,           0.00     ,0000128365366248       ,      394209.47  
 11/10/21  ,UPI-RAZORPAY-RAZORPAY.1@ICICI-ICIC0000001-128423126294-INDMONEY                                                          ,11/10/21 ,       10000.00     ,           0.00     ,0000128423126294       ,      384209.47  
 12/10/21  ,UPI-NEXTBILLION TECHNOLO-GROWW.RAZORPAY@HDFCBANK-HDFC0000499-128529262418-GROWW                                          ,12/10/21 ,        4000.00     ,           0.00     ,0000128529262418       ,      380209.47  
 14/10/21  ,UPI-NEXTBILLIONTECHNOLOG-GROWW.RAZORPAY@ICICI-ICIC0000001-128769112797-GROWW                                             ,14/10/21 ,        3586.22     ,           0.00     ,0000128769112797       ,      376623.25  
 17/10/21  ,UPI-YASHWANT  BAFNA-Q089485225@YBL-YESB0000024-129007264597-UPI                                                          ,17/10/21 ,         200.00     ,           0.00     ,0000129007264597       ,      376423.25  
 18/10/21  ,UPI-SHYAM BABU  KHANDELW-SB9414067601@PAYTM-SBIN0031029-129137061238-NA                                                  ,18/10/21 ,           0.00     ,           1.00     ,0000129137061238       ,      376424.25  
 18/10/21  ,UPI-FOX INDIA AUTOMOTIVE-Q51417211@YBL-YESB0YBLUPI-129116592380-UPI                                                      ,18/10/21 ,        1243.00     ,           0.00     ,0000129116592380       ,      375181.25  
 18/10/21  ,UPI-ADD MONEY TO WALLET-ADD-MONEY@PAYTM-PYTM0123456-129155394959-OID15589152949@ADD                                      ,18/10/21 ,         112.00     ,           0.00     ,0000129155394959       ,      375069.25  
 18/10/21  ,NEFT CR-UTIB0001454-HUSYS CONSULTING LIMITED-MR  HARDIK KHANDELWAL-AXISP00232902702                                      ,18/10/21 ,           0.00     ,      102600.00     ,AXISP00232902702       ,      477669.25  
 20/10/21  ,POS 512967XXXXXX9293 BOOK MY SHOW                                                                                        ,20/10/21 ,        2163.04     ,           0.00     ,0000129368006310       ,      475506.21  
 20/10/21  ,UPI-RAZORPAY-RAZORPAY.1@ICICI-ICIC0000001-129344648501-INDMONEY                                                          ,20/10/21 ,       45000.00     ,           0.00     ,0000129344648501       ,      430506.21  
 21/10/21  ,UPI-HPGAS-PAYPHI.HPGAS@ICICI-ICIC0000004-129465779288-NA                                                                 ,21/10/21 ,         903.50     ,           0.00     ,0000129465779288       ,      429602.71  
 22/10/21  ,ACH D- GROWW-V6ZJMAM9J72F                                                                                                ,22/10/21 ,        2000.00     ,           0.00     ,0000006012800463       ,      427602.71  
 22/10/21  ,UPI-ZOMATO-ZOMATO@HDFCBANK-HDFC0000499-129568692271-ZOMATOONLINEORDER                                                    ,22/10/21 ,         323.00     ,           0.00     ,0000129568692271       ,      427279.71  
 25/10/21  ,UPI-NEXTBILLION TECHNOLO-GROWW.RAZORPAY@HDFCBANK-HDFC0000053-129806103308-GROWW                                          ,25/10/21 ,        5100.00     ,           0.00     ,0000129806103308       ,      422179.71  
 26/10/21  ,UPI-HARISH KESNANI-PAYTMQR2810050501013RJ2K5JJZE6O@PAYTM-PYTM0123456-129926776726-UPI                                    ,26/10/21 ,         202.00     ,           0.00     ,0000129926776726       ,      421977.71  
 31/10/21  ,UPI-MANAN  BINDRA-MANANBINDRA63-2@OKSBI-KKBK0003533-130407592255-UPI                                                     ,01/11/21 ,        1300.00     ,           0.00     ,0000130407592255       ,      420677.71  
 01/11/21  ,UPI-MANAN  BINDRA-MANANBINDRA63@OKSBI-SBIN0032081-130500494782-BASSI KA HISAB                                            ,01/11/21 ,           0.00     ,        1731.00     ,0000130500494782       ,      422408.71  
 01/11/21  ,UPI-NEXTBILLION TECHNOLO-GROWW.RAZORPAY@HDFCBANK-HDFC0000053-130511859726-GROWW                                          ,01/11/21 ,        6100.00     ,           0.00     ,0000130511859726       ,      416308.71  
 01/11/21  ,UPI-NITIKA KHANDELWAL-NITIKA1396-2@OKICICI-ICIC0006757-130512350257-POLICY BAZAAR IPO                                    ,01/11/21 ,       14700.00     ,           0.00     ,0000130512350257       ,      401608.71  
 01/11/21  ,UPI-NITIKA KHANDELWAL-NITIKA1396-2@OKICICI-ICIC0006757-130512362755-SIGACHI INDUSTRIES                                   ,01/11/21 ,       14670.00     ,           0.00     ,0000130512362755       ,      386938.71  
 01/11/21  ,UPI-NITIKA KHANDELWAL-NITIKA1396-2@OKICICI-ICIC0006757-130570705290-UPI                                                  ,01/11/21 ,           0.00     ,         370.00     ,0000130570705290       ,      387308.71  
 01/11/21  ,UPI-CRED-CRED@AXISB-UTIB0000114-130513551885-PAYMENT ON CRED                                                             ,01/11/21 ,        5344.00     ,           0.00     ,0000130513551885       ,      381964.71  
 02/11/21  ,UPI-MRS MEENA KHANDELWAL-MEENA94133@OKAXIS-IDIB000J525-130628643755-UPI                                                  ,02/11/21 ,       14700.00     ,           0.00     ,0000130628643755       ,      367264.71  
 02/11/21  ,UPI-MRS MEENA KHANDELWAL-MEENA94133@OKAXIS-IDIB000J525-130628659359-UPI                                                  ,02/11/21 ,       14670.00     ,           0.00     ,0000130628659359       ,      352594.71  
 02/11/21  ,ACH D- CTRAZORPAY-INDWEALTHXIGFEC9BAPAMT                                                                                 ,02/11/21 ,         399.00     ,           0.00     ,0000006340055769       ,      352195.71  
 03/11/21  ,ACH C- TCSINTDIV03112021-614661                                                                                          ,03/11/21 ,           0.00     ,          14.00     ,0000006332525017       ,      352209.71  
 03/11/21  ,UPI-YASH GOYAL-9413205223@ICICI-ICIC0000001-130751661097-UPI                                                             ,03/11/21 ,          90.00     ,           0.00     ,0000130751661097       ,      352119.71  
 03/11/21  ,UPI-SACHIN KUMAR GARG-Q46800254@YBL-HDFC0001437-130751926249-UPI                                                         ,03/11/21 ,         260.00     ,           0.00     ,0000130751926249       ,      351859.71  
 04/11/21  ,ACH D- GROWW-59SMLSCJWVPB                                                                                                ,04/11/21 ,        5000.00     ,           0.00     ,0000006421659024       ,      346859.71  
 04/11/21  ,UPI-SACHIN KUMAR GARG-Q36770111@YBL-HDFC0001437-130863949121-UPI                                                         ,04/11/21 ,         700.00     ,           0.00     ,0000130863949121       ,      346159.71  
 04/11/21  ,UPI-JYOTI GENERA STORE-PAYTMQR28100505010179914UVTVKS9@PAYTM-PYTM0123456-130864101923-UPI                                ,04/11/21 ,         315.00     ,           0.00     ,0000130864101923       ,      345844.71  
 05/11/21  ,UPI-TIMES INTERNET LIMIT-DINEOUT.PAYU@ICICI-ICIC0000001-130944329087-UPI TRANSACTION                                     ,05/11/21 ,        2535.00     ,           0.00     ,0000130944329087       ,      343309.71  
 06/11/21  ,UPI-NITIKA KHANDELWAL-NITIKA1396-2@OKICICI-ICIC0006757-131001254186-UPI                                                  ,06/11/21 ,        7500.00     ,           0.00     ,0000131001254186       ,      335809.71  
 08/11/21  ,UPI-NEXTBILLIONTECHNOLOG-GROWW.RAZORPAY@ICICI-ICIC0000001-131223591820-GROWW                                             ,08/11/21 ,        6000.00     ,           0.00     ,0000131223591820       ,      329809.71  
 08/11/21  ,UPI-CRED-CRED@AXISB-UTIB0000114-131218114792-PAYMENT ON CRED                                                             ,08/11/21 ,        5186.66     ,           0.00     ,0000131218114792       ,      324623.05  
 09/11/21  ,UPI-MRS MEENA KHANDELWAL-MEENA94133@OKAXIS-IDIB000J525-131336915770-UPI                                                  ,09/11/21 ,           0.00     ,        1250.00     ,0000131336915770       ,      325873.05  
 10/11/21  ,ACH C- INFOSYS LIMITED-25464230                                                                                          ,10/11/21 ,           0.00     ,          15.00     ,0000006529313107       ,      325888.05  
 10/11/21  ,UPI-NITIKA KHANDELWAL-NITIKA1396-2@OKICICI-ICIC0006757-131412685032-UPI                                                  ,10/11/21 ,           0.00     ,       29000.00     ,0000131412685032       ,      354888.05  
 12/11/21  ,UPI-MRS MEENA KHANDELWAL-MEENA94133@OKAXIS-IDIB000J525-131696150614-UPI                                                  ,12/11/21 ,           0.00     ,       14670.00     ,0000131696150614       ,      369558.05  
 13/11/21  ,ACH D- GROWW-UFUQW6LT4NVX                                                                                                ,13/11/21 ,        3000.00     ,           0.00     ,0000006669071624       ,      366558.05  
 13/11/21  ,UPI-NAVAL KISHORE-PAYTMQR2810050501012I6UQJWRS4QW@PAYTM-PYTM0123456-131794573147-UPI                                     ,13/11/21 ,         220.00     ,           0.00     ,0000131794573147       ,      366338.05  
 14/11/21  ,UPI-HARISH KESNANI-PAYTMQR2810050501017YG0VVZMRX6L@PAYTM-PYTM0123456-131803170384-UPI                                    ,14/11/21 ,         875.00     ,           0.00     ,0000131803170384       ,      365463.05  
 14/11/21  ,UPI-JYOTI GENERA STORE-PAYTMQR28100505010179914UVTVKS9@PAYTM-PYTM0123456-131803198069-UPI                                ,14/11/21 ,         126.00     ,           0.00     ,0000131803198069       ,      365337.05  
 14/11/21  ,UPI-LOVE LIGHT APPARELS-BHARATPE09891074162@YESBANKLTD-YESB0YESUPI-131809026496-LOVE LIGHT APPA                          ,14/11/21 ,        2999.00     ,           0.00     ,0000131809026496       ,      362338.05  
 17/11/21  ,ACH D- GROWW-XISPOT24YTPH                                                                                                ,17/11/21 ,        4000.00     ,           0.00     ,0000006731202866       ,      358338.05  
 18/11/21  ,UPI-MRS MEENA KHANDELWAL-MEENA94133@OKAXIS-IDIB000J525-132260279617-UPI                                                  ,18/11/21 ,       25000.00     ,           0.00     ,0000132260279617       ,      333338.05  
 21/11/21  ,UPI-UBER INDIA SYSTEMS P-UBERRIDES@HDFCBANK-HDFC0000499-132506963030-UBERRIDE                                            ,21/11/21 ,         257.00     ,           0.00     ,0000132506963030       ,      333081.05  
 22/11/21  ,UPI-NEXTBILLION TECHNOLO-GROWW.RAZORPAY@HDFCBANK-HDFC0000499-132616466858-GROWW                                          ,22/11/21 ,       25000.00     ,           0.00     ,0000132616466858       ,      308081.05  
 23/11/21  ,UPI-NEXTBILLIONTECHNOLOG-GROWW.RAZORPAY@ICICI-ICIC0000001-132727331270-GROWW                                             ,23/11/21 ,        5200.00     ,           0.00     ,0000132727331270       ,      302881.05  
 23/11/21  ,UPI-HPGAS-PAYPHI.HPGAS@ICICI-ICIC0000004-132731706149-UPI                                                                ,23/11/21 ,         903.50     ,           0.00     ,0000132731706149       ,      301977.55  
 24/11/21  ,ACH D- GROWW-C3DKKEQPTXVQ                                                                                                ,24/11/21 ,        2000.00     ,           0.00     ,0000006883774039       ,      299977.55  
 24/11/21  ,NEFT CR-UTIB0001454-HUSYS CONSULTING LIMITED-MR  HARDIK KHANDELWAL-AXISP00241829401                                      ,24/11/21 ,           0.00     ,      110025.00     ,AXISP00241829401       ,      410002.55  
 25/11/21  ,UPI-AKSHAT  THOLIA-AKSHATTHOLIA@OKSBI-SBIN0031559-132923076930-UPI                                                       ,25/11/21 ,           0.00     ,        1837.00     ,0000132923076930       ,      411839.55  
 30/11/21  ,UPI-NEXTBILLIONTECHNOLOG-GROWW.RAZORPAY@ICICI-ICIC0000001-133429886876-GROWW                                             ,30/11/21 ,        5000.00     ,           0.00     ,0000133429886876       ,      406839.55  
 01/12/21  ,NEFT CR-DBSS0IN0811-AISTRINGS SOLUTIONS PRIVATE LIMITED-HARDIK KHANDELWAL-0811OP1007503439                               ,01/12/21 ,           0.00     ,      137293.00     ,0811OP1007503439       ,      544132.55  
 01/12/21  ,NEFT CR-DBSS0IN0811-AISTRINGS SOLUTIONS PRIVATE LIMITED-HARDIK KHANDELWAL-0811OP1007503480                               ,01/12/21 ,           0.00     ,        5199.00     ,0811OP1007503480       ,      549331.55  
 02/12/21  ,ACH D- CTRAZORPAY-INDWEALTHXIS8YNOVAAP7C                                                                                 ,02/12/21 ,         399.00     ,           0.00     ,0000007025272424       ,      548932.55  
 02/12/21  ,UPI-HARISH KESNANI-PAYTMQR2810050501017YG0VVZMRX6L@PAYTM-PYTM0123456-133668072442-UPI                                    ,02/12/21 ,         150.00     ,           0.00     ,0000133668072442       ,      548782.55  
 04/12/21  ,ACH D- GROWW-G2F8XTX4MYWR                                                                                                ,04/12/21 ,        7500.00     ,           0.00     ,0000007133665470       ,      541282.55  
 05/12/21  ,UPI-YOGESH CHAUHAN-PAYTMQR281005050101HTXSCPGX16B4@PAYTM-PYTM0123456-133915736405-UPI                                    ,05/12/21 ,        1050.00     ,           0.00     ,0000133915736405       ,      540232.55  
 05/12/21  ,UPI-SHOBHIT KHANDELWAL-8386934474@PAYTM-PYTM0123456-133955501793-NA                                                      ,05/12/21 ,           0.00     ,         500.00     ,0000133955501793       ,      540732.55  
 06/12/21  ,UPI-HARISH KESNANI-PAYTMQR2810050501017YG0VVZMRX6L@PAYTM-PYTM0123456-134031804830-UPI                                    ,06/12/21 ,          77.00     ,           0.00     ,0000134031804830       ,      540655.55  
 09/12/21  ,ACH D- GROWW-VEA3Q1T45YKC                                                                                                ,09/12/21 ,        5000.00     ,           0.00     ,0000007260497457       ,      535655.55  
 10/12/21  ,UPI-SHREE BHAIRAV FILLIN-PAYTMQR281005050101K5GP9ULMDKHD@PAYTM-PYTM0123456-134492352375-UPI                              ,10/12/21 ,         115.00     ,           0.00     ,0000134492352375       ,      535540.55  
 10/12/21  ,UPI-YASH GOYAL-9413205223@ICICI-ICIC0000001-134497197518-UPI                                                             ,10/12/21 ,          90.00     ,           0.00     ,0000134497197518       ,      535450.55  
 10/12/21  ,UPI-VICTORIAN BAKERS AND-PAYTMQR28100505010113TP29KEQACN@PAYTM-PYTM0123456-134497467200-UPI                              ,10/12/21 ,         160.00     ,           0.00     ,0000134497467200       ,      535290.55  
 13/12/21  ,ACH D- GROWW-DSIGCZEK48FD                                                                                                ,13/12/21 ,        3000.00     ,           0.00     ,0000007339727785       ,      532290.55  
 15/12/21  ,UPI-NITIKA KHANDELWAL-NITIKA1396-2@OKICICI-ICIC0006757-134986699909-UPI                                                  ,15/12/21 ,           1.00     ,           0.00     ,0000134986699909       ,      532289.55  
 17/12/21  ,ACH D- GROWW-QNXKBKH6PKMV                                                                                                ,17/12/21 ,        8000.00     ,           0.00     ,0000007434129989       ,      524289.55  
 23/12/21  ,UPI-NEXTBILLION TECHNOLO-GROWW.RAZORPAY@HDFCBANK-HDFC0000499-135799227021-GROWW                                          ,23/12/21 ,        5133.00     ,           0.00     ,0000135799227021       ,      519156.55  
 23/12/21  ,UPI-NEXTBILLION TECHNOLO-GROWW.RAZORPAY@HDFCBANK-HDFC0000499-135799242589-GROWW                                          ,23/12/21 ,         100.00     ,           0.00     ,0000135799242589       ,      519056.55  
 23/12/21  ,UPI-HPGAS-PAYPHI.HPGAS@ICICI-ICIC0000004-135705669235-UPI                                                                ,23/12/21 ,         903.50     ,           0.00     ,0000135705669235       ,      518153.05  
 25/12/21  ,UPI-NEXTBILLION TECHNOLO-GROWW.RAZORPAY@HDFCBANK-HDFC0000499-135962543078-GROWW                                          ,25/12/21 ,       40000.00     ,           0.00     ,0000135962543078       ,      478153.05  
 25/12/21  ,UPI-NEXTBILLION TECHNOLO-GROWW.RAZORPAY@HDFCBANK-HDFC0000499-135962551385-GROWW                                          ,25/12/21 ,         300.00     ,           0.00     ,0000135962551385       ,      477853.05  
 26/12/21  ,ACH D- GROWW-83I1XDH8V333                                                                                                ,26/12/21 ,        2000.00     ,           0.00     ,0000007596175221       ,      475853.05  
 26/12/21  ,UPI-DOSAKA-PAYTMQR2810050501013H3EQEN480FN@PAYTM-PYTM0123456-136090505097-UPI                                            ,26/12/21 ,         400.00     ,           0.00     ,0000136090505097       ,      475453.05  
 26/12/21  ,UPI-DOSAKA-PAYTMQR2810050501013H3EQEN480FN@PAYTM-PYTM0123456-136090746464-UPI                                            ,26/12/21 ,         400.00     ,           0.00     ,0000136090746464       ,      475053.05  
 26/12/21  ,UPI-DOSAKA-PAYTMQR2810050501013H3EQEN480FN@PAYTM-PYTM0123456-136090744760-UPI                                            ,26/12/21 ,          40.00     ,           0.00     ,0000136090744760       ,      475013.05  
 26/12/21  ,UPI-DOSAKA-PAYTMQR2810050501013H3EQEN480FN@PAYTM-PYTM0123456-136091385037-UPI                                            ,26/12/21 ,         180.00     ,           0.00     ,0000136091385037       ,      474833.05  
 28/12/21  ,UPI-NEXTBILLIONTECHNOLOG-GROWW.RAZORPAY@ICICI-ICIC0000001-136213200776-GROWW                                             ,28/12/21 ,       20000.00     ,           0.00     ,0000136213200776       ,      454833.05  
 31/12/21  ,UPI-MANOJ KUMAR-PAYTM-42767711@PAYTM-PYTM0123456-136562557262-OID202112312150060                                         ,31/12/21 ,          60.00     ,           0.00     ,0000136562557262       ,      454773.05  
 31/12/21  ,NEFT CR-DBSS0IN0811-AISTRINGS SOLUTIONS PRIVATE LIMITED-HARDIK KHANDELWAL-0811OP1100853449                               ,31/12/21 ,           0.00     ,         453.00     ,0811OP1100853449       ,      455226.05  
 01/01/22  ,NEFT CR-DBSS0IN0811-AISTRINGS SOLUTIONS PRIVATE LIMITED-HARDIK KHANDELWAL-0811OP1100853372                               ,01/01/22 ,           0.00     ,      130701.00     ,0811OP1100853372       ,      585927.05  
 01/01/22  ,CREDIT INTEREST CAPITALISED                                                                                              ,31/12/21 ,           0.00     ,        3254.00     ,000000000000000        ,      589181.05  
 04/01/22  ,ACH D- GROWW-9W7KHPBBJDXV                                                                                                ,04/01/22 ,        7500.00     ,           0.00     ,0000007995102300       ,      581681.05  
 07/01/22  ,NEFT DR-SBIN0020733-RASHTRIYA SAMRASTA PARTY-NETBANK, MUM-N007221783759426-HARDIK KHANDELWAL                             ,07/01/22 ,      200000.00     ,           0.00     ,N007221783759426       ,      381681.05  
 08/01/22  ,UPI-HARISH KESNANI-PAYTMQR2810050501011W48JBZX0WBE@PAYTM-PYTM0123456-200834988805-UPI                                    ,08/01/22 ,          80.00     ,           0.00     ,0000200834988805       ,      381601.05  
 08/01/22  ,UPI-YASH GOYAL-9413205223@ICICI-ICIC0000001-200835715921-UPI                                                             ,08/01/22 ,         360.00     ,           0.00     ,0000200835715921       ,      381241.05  
 08/01/22  ,UPI-SACHIN KUMAR GARG-Q96081382@YBL-HDFC0001437-200835912780-UPI                                                         ,08/01/22 ,         300.00     ,           0.00     ,0000200835912780       ,      380941.05  
 08/01/22  ,UPI-MAHALAXMI MEDICAL ST-PAYTMQR2810050501011K2JIIEYWVQ3@PAYTM-PYTM0123456-200836040182-UPI                              ,08/01/22 ,          50.00     ,           0.00     ,0000200836040182       ,      380891.05  
 09/01/22  ,ACH D- GROWW-DA8ZRUR9Y4BC                                                                                                ,09/01/22 ,        5000.00     ,           0.00     ,0000008175602251       ,      375891.05  
 09/01/22  ,UPI-LALA-PAYTM-64567019@PAYTM-PYTM0123456-200954293649-UPI                                                               ,09/01/22 ,        2000.00     ,           0.00     ,0000200954293649       ,      373891.05  
 09/01/22  ,UPI-NITIKA KHANDELWAL-NITIKA1396-2@OKICICI-ICIC0006757-200902255160-UPI                                                  ,09/01/22 ,           0.00     ,        1876.00     ,0000200902255160       ,      375767.05  
 12/01/22  ,POS 512967XXXXXX9293 XBCMFNPS                                                                                            ,12/01/22 ,       50000.00     ,           0.00     ,0000WF0726101624       ,      325767.05  
 13/01/22  ,ACH D- GROWW-TGPZI6YP3Q6H                                                                                                ,13/01/22 ,        3000.00     ,           0.00     ,0000008269124178       ,      322767.05  
 16/01/22  ,UPI-HPGAS-PAYPHI.HPGAS@ICICI-ICIC0000004-201663154209-UPI                                                                ,16/01/22 ,         903.50     ,           0.00     ,0000201663154209       ,      321863.55  
 16/01/22  ,UPI-ANSHUL AGARWAL-9530376725@PAYTM-HDFC0003819-201659683415-ITR FILING                                                  ,16/01/22 ,        2100.00     ,           0.00     ,0000201659683415       ,      319763.55  
 17/01/22  ,ACH D- GROWW-NLGHHUK5NR9W                                                                                                ,17/01/22 ,       16000.00     ,           0.00     ,0000008324412939       ,      303763.55  
 23/01/22  ,UPI-INDMONEY-FINZOOMERSSERVICESPRIVATELIMITED.RZP@AXISBANK-UTIB0000100-202369371018-INDMONEY                             ,23/01/22 ,       15000.00     ,           0.00     ,0000202369371018       ,      288763.55  
 23/01/22  ,IMPS-202317083355-CAMS-HSBC-XXXXXXXX5001-ACCOUNT VALIDATION BY CAMS                                                      ,23/01/22 ,           0.00     ,           1.00     ,0000202317083355       ,      288764.55  
 24/01/22  ,UPI-NEXTBILLIONTECHNOLOG-GROWW.RAZORPAY@ICICI-ICIC0000001-202405372231-GROWW                                             ,24/01/22 ,        4895.08     ,           0.00     ,0000202405372231       ,      283869.47  
 24/01/22  ,UPI-NEXTBILLIONTECHNOLOG-GROWW.RAZORPAY@ICICI-ICIC0000001-202405392484-GROWW                                             ,24/01/22 ,         100.00     ,           0.00     ,0000202405392484       ,      283769.47  
 24/01/22  ,ACH D- GROWW-EC6GSOSVJMNH                                                                                                ,24/01/22 ,        2000.00     ,           0.00     ,0000008436335758       ,      281769.47  
 25/01/22  ,UPI-NEXTBILLION TECHNOLO-GROWW@AXISBANK-UTIB0000052-202515273906-9680023483GROWW1AX                                      ,25/01/22 ,       30000.00     ,           0.00     ,0000202515273906       ,      251769.47  
 27/01/22  ,UPI-KAPIL   MIRCHANDANI-8903250332@KOTAK-KKBK0003538-202758299278-UPI                                                    ,27/01/22 ,         100.00     ,           0.00     ,0000202758299278       ,      251669.47  
 27/01/22  ,UPI-KAPIL   MIRCHANDANI-8903250332@KOTAK-KKBK0003538-202758340535-UPI                                                    ,27/01/22 ,       49900.00     ,           0.00     ,0000202758340535       ,      201769.47  
 27/01/22  ,UPI-KAPIL   MIRCHANDANI-8903250332@KOTAK-KKBK0003538-202758349422-UPI                                                    ,27/01/22 ,       50000.00     ,           0.00     ,0000202758349422       ,      151769.47  
 28/01/22  ,UPI-SAURABH SADARANGANI-7737375749@KOTAK-KKBK0003533-202812959056-FUND TRANSFER                                          ,28/01/22 ,           0.00     ,       50000.00     ,0000202812959056       ,      201769.47  
 28/01/22  ,UPI-SAURABH SADARANGANI-7737375749@KOTAK-KKBK0003533-202812958952-FUND TRANSFER                                          ,28/01/22 ,           0.00     ,       50000.00     ,0000202812958952       ,      251769.47  
 28/01/22  ,UPI-GOOGLEPAY-GOOG-PAYMENT@OKAXIS-UTIB0000553-202865288070-EARNED FOR USING G                                            ,28/01/22 ,           0.00     ,           3.00     ,0000202865288070       ,      251772.47  
 29/01/22  ,UPI-KAMLESH SHARMA-PAYTMQR281005050101XFFTJ2OGP8Y0@PAYTM-PYTM0123456-202994571164-UPI                                    ,29/01/22 ,          10.00     ,           0.00     ,0000202994571164       ,      251762.47  
 01/02/22  ,UPI-NEXTBILLION TECHNOLO-GROWW@AXISBANK-UTIB0000052-203238912600-9680023483GROWW1AX                                      ,01/02/22 ,       20000.00     ,           0.00     ,0000203238912600       ,      231762.47  
 02/02/22  ,NEFT CR-DBSS0IN0811-AISTRINGS SOLUTIONS PRIVATE LIMITED-HARDIK KHANDELWAL-0811OP2101814577                               ,02/02/22 ,           0.00     ,      142033.00     ,0811OP2101814577       ,      373795.47  
 02/02/22  ,INFO EDGE DIV 21 2200000000000000015211                                                                                  ,02/02/22 ,           0.00     ,          16.00     ,0000220332007400       ,      373811.47  
 02/02/22  ,UPI-PET POOJA-PETPOOJA@HDFCBANK-HDFC0000305-203368061478-FOOD BILL FROM MOL                                              ,02/02/22 ,         150.00     ,           0.00     ,0000203368061478       ,      373661.47  
 04/02/22  ,ACH C- WIPROLIMITED-00000000000010634116                                                                                 ,04/02/22 ,           0.00     ,           6.00     ,0000007060929035       ,      373667.47  
 04/02/22  ,UPI-INDMONEY-FINZOOMERSSERVICESPRIVATELIMITED.RZP@AXISBANK-UTIB0000100-203509847571-INDMONEY                             ,04/02/22 ,       20000.00     ,           0.00     ,0000203509847571       ,      353667.47  
 05/02/22  ,UPI-BURGER KING INDIA PV-BURGERKINGINDIAPVTLT.41627437@HDFCBANK-HDFC0000001-203654703951-NA                              ,05/02/22 ,         340.20     ,           0.00     ,0000203654703951       ,      353327.27  
 06/02/22  ,ACH D- GROWW-CATV4RX4MU9L                                                                                                ,06/02/22 ,       10000.00     ,           0.00     ,0000008747503396       ,      343327.27  
 07/02/22  ,ACH C- TCSINTDIV07022022-515004                                                                                          ,07/02/22 ,           0.00     ,          21.00     ,0000008740766963       ,      343348.27  
 09/02/22  ,ACH D- GROWW-1NSVJ3E2CM7A                                                                                                ,09/02/22 ,        5000.00     ,           0.00     ,0000008821959654       ,      338348.27  
 13/02/22  ,ACH D- GROWW-OWWFFYKH86Z8                                                                                                ,13/02/22 ,        3000.00     ,           0.00     ,0000008924974443       ,      335348.27  
 17/02/22  ,ACH D- GROWW-ZV3W4NH92GNK                                                                                                ,17/02/22 ,        8000.00     ,           0.00     ,0000008992031442       ,      327348.27  
 19/02/22  ,UPI-MANAN  BINDRA-9001202082@PAYTM-SBIN0032081-205051277720-NA                                                           ,19/02/22 ,        2000.00     ,           0.00     ,0000205051277720       ,      325348.27  
 19/02/22  ,UPI-MANAN  BINDRA-9001202082@PAYTM-SBIN0032081-205064017455-NA                                                           ,20/02/22 ,        1300.00     ,           0.00     ,0000205064017455       ,      324048.27  
 19/02/22  ,UPI-MANSINGH -9672295341@PAYTM-INDB0000016-205064052893-NA                                                               ,20/02/22 ,         880.00     ,           0.00     ,0000205064052893       ,      323168.27  
 21/02/22  ,UPI-MANAN  BINDRA-MANANBINDRA63@OKSBI-SBIN0032081-205219475385-UPI                                                       ,21/02/22 ,           0.00     ,        2500.00     ,0000205219475385       ,      325668.27  
 22/02/22  ,UPI-NAIVEDYA FOODS INDIA-PAYTMQR2810050501011NQRLD5A1PBT@PAYTM-PYTM0123456-205337751369-UPI                              ,22/02/22 ,         390.00     ,           0.00     ,0000205337751369       ,      325278.27  
 22/02/22  ,UPI-AKSHAT THOLIA-AKSHATTHOLIA@OKHDFCBANK-HDFC0007205-205340351618-UPI                                                   ,22/02/22 ,           0.00     ,         530.00     ,0000205340351618       ,      325808.27  
 23/02/22  ,UPI-AIRTEL-AIRTEL.PAYU@AXISBANK-UTIB0000100-205450021741-UPITRANSACTIONFOR6                                              ,23/02/22 ,          99.00     ,           0.00     ,0000205450021741       ,      325709.27  
 23/02/22  ,UPI-NEXTBILLIONTECHNOLOG-GROWW.RAZORPAY@ICICI-ICIC0DC0099-205453380603-GROWW                                             ,23/02/22 ,        2610.00     ,           0.00     ,0000205453380603       ,      323099.27  
 24/02/22  ,ACH D- GROWW-F6G6N1751X1I                                                                                                ,24/02/22 ,        2000.00     ,           0.00     ,0000009118726758       ,      321099.27  
 24/02/22  ,UPI-DEVENDDRA-DEVENDRASHARMA68728@OKHDFCBANK-PUNB0013800-205563941052-UPI                                                ,24/02/22 ,           0.00     ,       15000.00     ,0000205563941052       ,      336099.27  
 25/02/22  ,UPI-NEXTBILLIONTECHNOLOG-GROWW.RAZORPAY@ICICI-ICIC0DC0099-205678219954-GROWW                                             ,25/02/22 ,       15000.00     ,           0.00     ,0000205678219954       ,      321099.27  
 25/02/22  ,UPI-NEXTBILLIONTECHNOLOG-GROWW.RAZORPAY@ICICI-ICIC0DC0099-205678936246-GROWW                                             ,25/02/22 ,       20000.00     ,           0.00     ,0000205678936246       ,      301099.27  
 27/02/22  ,UPI-CRED-CRED@AXISB-UTIB0000114-205819455988-PAYMENT ON CRED                                                             ,27/02/22 ,        8000.00     ,           0.00     ,0000205819455988       ,      293099.27  
 28/02/22  ,POS 512967XXXXXX9293 ONEPLUS                                                                                             ,28/02/22 ,       17649.00     ,           0.00     ,0000000000003381       ,      275450.27  
 28/02/22  ,NEFT CR-DBSS0IN0811-AISTRINGS SOLUTIONS PRIVATE LIMITED-HARDIK KHANDELWAL-0811OP2102671635                               ,28/02/22 ,           0.00     ,         478.00     ,0811OP2102671635       ,      275928.27  
 01/03/22  ,NEFT CR-DBSS0IN0811-AISTRINGS SOLUTIONS PRIVATE LIMITED-HARDIK KHANDELWAL-0811OP2102699042                               ,01/03/22 ,           0.00     ,      142033.00     ,0811OP2102699042       ,      417961.27  
 05/03/22  ,UPI-NITIKA KHANDELWAL-NITIKA1396-2@OKICICI-ICIC0006757-206425195943-UPI                                                  ,05/03/22 ,       60000.00     ,           0.00     ,0000206425195943       ,      357961.27  
 06/03/22  ,ACH D- GROWW-VZGZKR3EXQGR                                                                                                ,06/03/22 ,       10000.00     ,           0.00     ,0000009465596138       ,      347961.27  
 07/03/22  ,NEFT CR-ICIC0000104-CENTRAL DEPOSITORY SERVICES INDIA LIMITED G SEC-HARDIK KHANDELWAL-CMS2438694406                      ,07/03/22 ,           0.00     ,         118.30     ,000CMS2438694406       ,      348079.57  
 09/03/22  ,ACH D- GROWW-2TFU2US6SE2L                                                                                                ,09/03/22 ,        5000.00     ,           0.00     ,0000009568337901       ,      343079.57  
 09/03/22  ,UPI-NAVAL KISHORE-PAYTMQR2810050501012I6UQJWRS4QW@PAYTM-PYTM0123456-206891443158-UPI                                     ,09/03/22 ,         130.00     ,           0.00     ,0000206891443158       ,      342949.57  
 09/03/22  ,UPI-MS NITIKA KHANDELWAL-NITIKA1396-1@OKICICI-IDIB000J525-206809506053-UPI                                               ,09/03/22 ,           0.00     ,       20000.00     ,0000206809506053       ,      362949.57  
 10/03/22  ,UPI-MS NITIKA KHANDELWAL-NITIKA1396-1@OKICICI-IDIB000J525-206911975984-UPI                                               ,10/03/22 ,           0.00     ,       20000.00     ,0000206911975984       ,      382949.57  
 10/03/22  ,UPI-MS NITIKA KHANDELWAL-NITIKA1396-1@OKICICI-IDIB000J525-206911288473-UPI                                               ,10/03/22 ,           0.00     ,       20000.00     ,0000206911288473       ,      402949.57  
 11/03/22  ,UPI-UBER INDIA SYSTEMS P-UBERRIDES@HDFCBANK-HDFC0000499-207054825067-CHARGE                                              ,11/03/22 ,        1180.00     ,           0.00     ,0000207054825067       ,      401769.57  
 12/03/22  ,UPI-RAPIDO-RAPIDO.RZP@AXISBANK-UTIB0000100-207145769372-RAPIDORECHARGEWALL                                               ,12/03/22 ,         200.00     ,           0.00     ,0000207145769372       ,      401569.57  
 12/03/22  ,UPI-CREDCLUB1-CRED.CLUB@AXISB-UTIB0000114-207114701023-PAYMENT ON CRED                                                   ,12/03/22 ,         620.82     ,           0.00     ,0000207114701023       ,      400948.75  
 12/03/22  ,UPI-APR SPIRIT ZONE-PAYTM-59456915@PAYTM-PYTM0123456-207150604430-UPI                                                    ,12/03/22 ,         845.00     ,           0.00     ,0000207150604430       ,      400103.75  
 13/03/22  ,ACH D- GROWW-T1F8D4VU3U21                                                                                                ,13/03/22 ,        3000.00     ,           0.00     ,0000009678770393       ,      397103.75  
 13/03/22  ,UPI-POPEYES-POPEYES.42290478@HDFCBANK-HDFC0000001-207263478872-UPI                                                       ,13/03/22 ,         500.85     ,           0.00     ,0000207263478872       ,      396602.90  
 13/03/22  ,UPI-ROPPEN TRANSPORTATIO-ROPPEN.RAZORPAY@HDFCBANK-HDFC0000499-207263881101-RAPIDORECHARGEWALL                            ,13/03/22 ,         100.00     ,           0.00     ,0000207263881101       ,      396502.90  
 13/03/22  ,UPI-HEX ENTERTAINMENT LL-7483267542@OKBIZAXIS-UTIB0000000-207265845413-GAME                                              ,13/03/22 ,         791.00     ,           0.00     ,0000207265845413       ,      395711.90  
 13/03/22  ,UPI-SAAI NANDINI HOTELS-BHARATPE09898007392@YESBANKLTD-YESB0YESUPI-207271305752-PAY TO HSR HIGH ST                       ,13/03/22 ,         452.00     ,           0.00     ,0000207271305752       ,      395259.90  
 14/03/22  ,UPI-TAVA ROLL-PAYTMQR281005050101H3JM9YETOEFS@PAYTM-PYTM0123456-207384040965-UPI                                         ,14/03/22 ,         166.00     ,           0.00     ,0000207384040965       ,      395093.90  
 14/03/22  ,UPI-SHLOKA H GOWDA-SHLOKAHEMANTH@OKAXIS-BARB0VJBTMX-207388395726-UPI                                                     ,14/03/22 ,        2000.00     ,           0.00     ,0000207388395726       ,      393093.90  
 15/03/22  ,UPI-MAHA BAZAAR HSR-PAYTMQR281005050101M1EIF3T9P9DO@PAYTM-PYTM0123456-207401973120-UPI                                   ,15/03/22 ,         540.00     ,           0.00     ,0000207401973120       ,      392553.90  
 15/03/22  ,UPI-MAHA BAZAAR HSR-PAYTMQR281005050101M1EIF3T9P9DO@PAYTM-PYTM0123456-207401991638-UPI                                   ,15/03/22 ,           5.00     ,           0.00     ,0000207401991638       ,      392548.90  
 15/03/22  ,UPI-SHLOKA H GOWDA-SHLOKAHEMANTH@OKAXIS-BARB0VJBTMX-207405280822-UPI                                                     ,15/03/22 ,        2000.00     ,           0.00     ,0000207405280822       ,      390548.90  
 16/03/22  ,UPI-ROPPEN TRANSPORTATIO-ROPPEN.RAZORPAY@HDFCBANK-HDFC0000499-207525402031-RAPIDORECHARGEWALL                            ,17/03/22 ,         200.00     ,           0.00     ,0000207525402031       ,      390348.90  
 17/03/22  ,UPI-UBER INDIA SYSTEMS P-UBERRIDES@HDFCBANK-HDFC0000499-207574919051-CHARGE                                              ,17/03/22 ,          66.00     ,           0.00     ,0000207574919051       ,      390282.90  
 17/03/22  ,UPI-COFFEE  BEAN INN-RAMYAHEMANTHCK@OKHDFCBANK-BARB0VJHSRL-207628884751-UPI                                              ,17/03/22 ,         160.00     ,           0.00     ,0000207628884751       ,      390122.90  
 17/03/22  ,UPI-UBER INDIA SYSTEMS P-UBER@AXISBANK-UTIB0000000-207666303212-CHARGE                                                   ,17/03/22 ,          81.00     ,           0.00     ,0000207666303212       ,      390041.90  
 17/03/22  ,UPI-NAGESH G-SHARATHREDDY541@OKAXIS-UBIN0554626-207636859912-UPI                                                         ,17/03/22 ,       80000.00     ,           0.00     ,0000207636859912       ,      310041.90  
 17/03/22  ,UPI-UBER INDIA SYSTEMS P-UBERRIDES@HDFCBANK-HDFC0000499-207643660535-UBERRIDE                                            ,18/03/22 ,          81.00     ,           0.00     ,0000207643660535       ,      309960.90  
 19/03/22  ,UPI-BHARATPEMERCHANT-BHARATPE.9041742092@ICICI-ICIC0DC0099-207866142513-VERIFIED MERCHANT                                ,19/03/22 ,         150.00     ,           0.00     ,0000207866142513       ,      309810.90  
 19/03/22  ,UPI-RAZORPAY-RAZORPAY@ICICI-ICIC0DC0099-207868914566-LIVPURESMARTPOWERE                                                  ,19/03/22 ,        1500.00     ,           0.00     ,0000207868914566       ,      308310.90  
 20/03/22  ,UPI-ACT  BROADBAND-PAYTM-ACTBAN4@PAYTM-PYTM0123456-207928052928-OIDPROPT13592074@A                                       ,20/03/22 ,        8390.00     ,           0.00     ,0000207928052928       ,      299920.90  
 20/03/22  ,ACH D- GROWW-XTT2CB5S5DKW                                                                                                ,20/03/22 ,        8000.00     ,           0.00     ,0000009796077896       ,      291920.90  
 20/03/22  ,UPI-UBER INDIA SYSTEMS P-UBERRIDES@HDFCBANK-HDFC0000499-207982920143-UBERRIDE                                            ,20/03/22 ,         108.00     ,           0.00     ,0000207982920143       ,      291812.90  
 20/03/22  ,UPI-RELIANCE JIO INFOCOM-JIO@CITIBANK-CITI0RTGSMI-207961890897-JIO20BR0007GSU2EN2                                        ,20/03/22 ,          61.00     ,           0.00     ,0000207961890897       ,      291751.90  
 20/03/22  ,UPI-DIVERSE RETAILS PRIV-PAYTM-14643250@PAYTM-PYTM0123456-207965349617-OIDCUREFIT28707444                                ,20/03/22 ,        4362.00     ,           0.00     ,0000207965349617       ,      287389.90  
 20/03/22  ,UPI-ROPPEN TRANSPORTATIO-ROPPENTRANSPORTATIONSERVICEPVTLTD.RZP@SBI-SBIN0016209-207989658114-RAPIDORECHARGEWALL           ,21/03/22 ,         200.00     ,           0.00     ,0000207989658114       ,      287189.90  
 20/03/22  ,UPI-UBER INDIA SYSTEMS P-UBERRIDES@HDFCBANK-HDFC0000499-207989742032-UBERRIDE                                            ,21/03/22 ,          81.00     ,           0.00     ,0000207989742032       ,      287108.90  
 21/03/22  ,UPI-FOOD PALACE-PAYTM-34735729@PAYTM-PYTM0123456-208062896661-OID202203211927520                                         ,21/03/22 ,         181.00     ,           0.00     ,0000208062896661       ,      286927.90  
 22/03/22  ,UPI-FOOD PALACE-PAYTMQR2810050501018TFFMNSO3GKL@PAYTM-PYTM0123456-208115980895-UPI                                       ,22/03/22 ,        2570.00     ,           0.00     ,0000208115980895       ,      284357.90  
 22/03/22  ,UPI-KEY WORLD-PAYTMQR281005050101U9UULERBM9RN@PAYTM-PYTM0123456-208116433668-UPI                                         ,22/03/22 ,         320.00     ,           0.00     ,0000208116433668       ,      284037.90  
 23/03/22  ,UPI-NEXTBILLION TECHNOLO-GROWW.RAZORPAY@HDFCBANK-HDFC0000499-208224370727-GROWW                                          ,23/03/22 ,       39808.75     ,           0.00     ,0000208224370727       ,      244229.15  
 24/03/22  ,UPI-SWIGGY-UPISWIGGY@ICICI-ICIC0DC0099-208341177161-UPI                                                                  ,24/03/22 ,         899.00     ,           0.00     ,0000208341177161       ,      243330.15  
 24/03/22  ,ACH D- GROWW-6VL9AJRXGOCT                                                                                                ,24/03/22 ,        2000.00     ,           0.00     ,0000009857769064       ,      241330.15  
 24/03/22  ,UPI-SHAMBHAVI TEWARI D O-TEWARISHAMBHAVI30@OKHDFCBANK-BARB0DBPANC-208346227859-UPI                                       ,24/03/22 ,           0.00     ,         940.00     ,0000208346227859       ,      242270.15  
 25/03/22  ,UPI-BOMBAY KULFIS HSR SE-Q622148418@YBL-YESB0YBLUPI-208469985662-UPI                                                     ,25/03/22 ,         120.00     ,           0.00     ,0000208469985662       ,      242150.15  
 26/03/22  ,UPI-PVG VENTURES LLP-Q06884023@YBL-YESB0YBLUPI-208572064272-UPI                                                          ,26/03/22 ,        1611.00     ,           0.00     ,0000208572064272       ,      240539.15  
 26/03/22  ,UPI-ANSHUL  KHATTAR-7827511643@PAYTM-UTIB0003202-208512840733-FOR BILLS ON SPLIT                                         ,26/03/22 ,           0.00     ,         741.00     ,0000208512840733       ,      241280.15  
 26/03/22  ,UPI-MUSTHAFA K-MUSTHAFA5440@OKICICI-FDRL0001769-208577175021-UPI                                                         ,26/03/22 ,         170.00     ,           0.00     ,0000208577175021       ,      241110.15  
 26/03/22  ,UPI-MOHAMMED   UMAR-MU9398958@OKAXIS-KKBK0000432-208579999644-UPI                                                        ,26/03/22 ,        5000.00     ,           0.00     ,0000208579999644       ,      236110.15  
 26/03/22  ,UPI-ROPPEN TRANSPORTATIO-ROPPEN.RAZORPAY@HDFCBANK-HDFC0000499-208580191685-RAPIDORECHARGEWALL                            ,26/03/22 ,         200.00     ,           0.00     ,0000208580191685       ,      235910.15  
 26/03/22  ,UPI-ZUDIO A UNIT OF TREN-ZUDIOAUNITOFTRENTLIM.42299457@HDFCBANK-HDFC0000001-208585284752-UPI                             ,26/03/22 ,         804.00     ,           0.00     ,0000208585284752       ,      235106.15  
 26/03/22  ,UPI-TOVGRO ENTERPRISES-Q84854853@YBL-YESB0YBLUPI-208585940298-UPI                                                        ,26/03/22 ,         104.00     ,           0.00     ,0000208585940298       ,      235002.15  
 26/03/22  ,UPI-TIMES INTERNET LIMIT-DINEOUT.PAYU@AXISBANK-UTIB0000000-208589264213-UPI                                              ,26/03/22 ,         975.00     ,           0.00     ,0000208589264213       ,      234027.15  
 26/03/22  ,UPI-YULU BIKES PVT LTD-YULU.BIKE.PAYU@HDFCBANK-HDFC0000499-208589411983-NOTE                                             ,26/03/22 ,         249.00     ,           0.00     ,0000208589411983       ,      233778.15  
 27/03/22  ,UPI-SHAFARHAZUDDIN SHAMS-9538444384@YBL-HDFC0000714-208600015182-UPI                                                     ,27/03/22 ,        5380.00     ,           0.00     ,0000208600015182       ,      228398.15  
 27/03/22  ,UPI-MUSTHAFA K-MUSTHAFA5440@OKICICI-FDRL0001769-208602907056-UPI                                                         ,27/03/22 ,         138.00     ,           0.00     ,0000208602907056       ,      228260.15  
 28/03/22  ,UPI-FOOD PALACE-PAYTMQR2810050501011RS1R4JU3RBJ@PAYTM-PYTM0123456-208717936810-UPI                                       ,28/03/22 ,         379.00     ,           0.00     ,0000208717936810       ,      227881.15  
 28/03/22  ,UPI-ANSHUL  KHATTAR-7827511643@PAYTM-UTIB0003202-208775556701-FOR BILLS ON SPLIT                                         ,28/03/22 ,           0.00     ,         289.50     ,0000208775556701       ,      228170.65  
 29/03/22  ,UPI-CHALUVE GOWDA V T-PAYTMQR2810050501015III3CZ87KI3@PAYTM-PYTM0123456-208833709128-UPI                                 ,29/03/22 ,          82.00     ,           0.00     ,0000208833709128       ,      228088.65  
 29/03/22  ,UPI-MILAN KOIRALA-PAYTM-69108485@PAYTM-PYTM0123456-208861674668-OID202203291956010                                       ,29/03/22 ,          65.00     ,           0.00     ,0000208861674668       ,      228023.65  
 29/03/22  ,UPI-ASHRATHA-PAYTMQR2810050501011HF5EV9ZDI9H@PAYTM-PYTM0123456-208835748289-UPI                                          ,29/03/22 ,         135.00     ,           0.00     ,0000208835748289       ,      227888.65  
 30/03/22  ,NEFT CR-DBSS0IN0811-AISTRINGS SOLUTIONS PRIVATE LIMITED-HARDIK KHANDELWAL-0811OP2103596358                               ,30/03/22 ,           0.00     ,      187693.00     ,0811OP2103596358       ,      415581.65  
 30/03/22  ,UPI-MUMBAI TIFFIN SERVIC-PAYTM-8758458@PAYTM-PYTM0123456-208905181329-OID202203300951260                                 ,30/03/22 ,         174.00     ,           0.00     ,0000208905181329       ,      415407.65  
 01/04/22  ,CREDIT INTEREST CAPITALISED                                                                                              ,31/03/22 ,           0.00     ,        2527.00     ,000000000000000        ,      417934.65  
