
  Date     ,Narration                                                                                                                ,Value Dat,Debit Amount       ,Credit Amount      ,Chq/Ref Number   ,Closing Balance
 01/04/22  ,UPI-KRISHNA-KMATHURIA13@OKICICI-CNRB0000033-209195395306-UPI                                                             ,01/04/22 ,        5000.00     ,           0.00     ,0000209195395306       ,      412934.65  
 01/04/22  ,UPI-GOOGLEPAY-GOOG-PAYMENT@OKAXIS-UTIB0000553-209117640346-EARNED FOR USING G                                            ,01/04/22 ,           0.00     ,           4.00     ,0000209117640346       ,      412938.65  
 01/04/22  ,UPI-GOOGLEPAY-GOOG-PAYMENT@OKAXIS-UTIB0000553-209117645293-EARNED FOR USING G                                            ,01/04/22 ,           0.00     ,           6.00     ,0000209117645293       ,      412944.65  
 01/04/22  ,UPI-GOOGLEPAY-GOOG-PAYMENT@OKAXIS-UTIB0000553-209117645936-EARNED FOR USING G                                            ,01/04/22 ,           0.00     ,           6.00     ,0000209117645936       ,      412950.65  
 01/04/22  ,UPI-GOOGLEPAY-GOOG-PAYMENT@OKAXIS-UTIB0000553-209117647839-EARNED FOR USING G                                            ,01/04/22 ,           0.00     ,           4.00     ,0000209117647839       ,      412954.65  
 04/04/22  ,UPI-CHANMANI NUNIYA-8748071804@PAYTM-ICIC0003182-209406567008-NA                                                         ,04/04/22 ,         666.00     ,           0.00     ,0000209406567008       ,      412288.65  
 04/04/22  ,ACH D- GROWW-UY3P96YQMCVG                                                                                                ,04/04/22 ,       10000.00     ,           0.00     ,0000000143140963       ,      402288.65  
 04/04/22  ,UPI-FOOD PALACE-PAYTM-34735729@PAYTM-PYTM0123456-209471759727-OID202204042050230                                         ,04/04/22 ,         750.00     ,           0.00     ,0000209471759727       ,      401538.65  
 05/04/22  ,UPI-TATA 1MG HEALTHCARE -1MGTECHNOLOGIES@PAYTM-PYTM0123456-209572448816-UPI INTENT                                       ,05/04/22 ,         343.40     ,           0.00     ,0000209572448816       ,      401195.25  
 05/04/22  ,UPI-TATA 1MG HEALTHCARE -1MGTECHNOLOGIES@PAYTM-PYTM0123456-209586415789-EXPRESS                                          ,06/04/22 ,           0.00     ,           6.38     ,0000209586415789       ,      401201.63  
 10/04/22  ,ACH D- GROWW-I6VP9Q69OOLS                                                                                                ,10/04/22 ,        5000.00     ,           0.00     ,0000000285745696       ,      396201.63  
 12/04/22  ,UPI-FINZOOMERS SERVICES -FINZOOMERS.RZP@ICICI-ICIC0DC0099-210287746373-INDMONEY                                          ,12/04/22 ,       30000.00     ,           0.00     ,0000210287746373       ,      366201.63  
 13/04/22  ,UPI-CREDCLUB1-CRED.CLUB@AXISB-UTIB0000114-210307294504-PAYMENT ON CRED                                                   ,13/04/22 ,        2338.00     ,           0.00     ,0000210307294504       ,      363863.63  
 13/04/22  ,UPI-CREDCLUB1-CRED.CLUB@AXISB-UTIB0000114-210307437819-PAYMENT ON CRED                                                   ,13/04/22 ,        2313.00     ,           0.00     ,0000210307437819       ,      361550.63  
 14/04/22  ,UPI-DIVERSE RETAILS PRIV-PAYTM-14643250@PAYTM-PYTM0123456-210422236287-OIDCUREFIT29000537                                ,14/04/22 ,          44.00     ,           0.00     ,0000210422236287       ,      361506.63  
 16/04/22  ,UPI-LAZYPAY-LAZYPAY.PAYU@AXISBANK-UTIB0000000-210668030138-LAZYPAY REPAYMENT                                             ,16/04/22 ,          66.70     ,           0.00     ,0000210668030138       ,      361439.93  
 17/04/22  ,ACH D- GROWW-65FUM3CNUCVZ                                                                                                ,17/04/22 ,        8000.00     ,           0.00     ,0000000496922927       ,      353439.93  
 17/04/22  ,ACH D- GROWW-X89K8HOPA6EP                                                                                                ,17/04/22 ,        3000.00     ,           0.00     ,0000000496591737       ,      350439.93  
 18/04/22  ,UPI-ANAROCK GROUP BUSINE-APNACOMPLEX.PAYU@AXISBANK-UTIB0000000-210810834109-UPI TRANSACTION FO                           ,18/04/22 ,        3524.00     ,           0.00     ,0000210810834109       ,      346915.93  
 19/04/22  ,ACH C- WIPROLIMITED-00000000000012399960                                                                                 ,19/04/22 ,           0.00     ,          80.00     ,0000007147037109       ,      346995.93  
 20/04/22  ,FD BOOKED - 50300615010182 : HARDIK KHANDELWAL                                                                           ,20/04/22 ,       10000.00     ,           0.00     ,2927032022042025843000 ,      336995.93  
 22/04/22  ,UPI-PAYTM UTILITY BILL-PAYTM-PTMBBP@PAYTM-PYTM0123456-211232130086-OID17853387150@PAY                                    ,22/04/22 ,        1340.00     ,           0.00     ,0000211232130086       ,      335655.93  
 23/04/22  ,UPI-DIVERSE RETAILS PRIV-PAYTM-14643250@PAYTM-PYTM0123456-211382685654-COLLECT                                           ,24/04/22 ,           0.00     ,        1695.52     ,0000211382685654       ,      337351.45  
 24/04/22  ,ACH D- GROWW-7S1SYFZHH9CQ                                                                                                ,24/04/22 ,        2000.00     ,           0.00     ,0000000680670321       ,      335351.45  
 30/04/22  ,NEFT CR-DBSS0IN0811-AISTRINGS SOLUTIONS PRIVATE LIMITED-HARDIK KHANDELWAL-0811OP2104620548                               ,30/04/22 ,           0.00     ,      113497.00     ,0811OP2104620548       ,      448848.45  
 30/04/22  ,UPI-GROWW-GROWW.RZP@AXISBANK-UTIB0001507-212068996829-GROWW                                                              ,30/04/22 ,        5260.00     ,           0.00     ,0000212068996829       ,      443588.45  
 30/04/22  ,UPI-BIG BREWSKY-PAYTM-10562966@PAYTM-PYTM0123456-212025159570-UPI                                                        ,30/04/22 ,         634.00     ,           0.00     ,0000212025159570       ,      442954.45  
 30/04/22  ,POS 512967XXXXXX9293 PAYU-WWW.DINEOUT                                                                                    ,01/05/22 ,         643.00     ,           0.00     ,0000110092020293       ,      442311.45  
 01/05/22  ,UPI-SUYASH  THAKUR-SUYASHTHAKUR910@OKSBI-SBIN0002998-212100415247-UPI                                                    ,01/05/22 ,           0.00     ,       35000.00     ,0000212100415247       ,      477311.45  
 01/05/22  ,UPI-MR HARDIK KHANDELWAL-HARDIKKHANDELWAL500-1@OKICICI-IDIB000J525-212189032809-UPI                                      ,01/05/22 ,           0.00     ,        1277.00     ,0000212189032809       ,      478588.45  
 01/05/22  ,UPI-XXXXXX3258-UBIN0554626-212126506308-UPI                                                                              ,01/05/22 ,       41300.00     ,           0.00     ,0000212126506308       ,      437288.45  
 01/05/22  ,UPI-MR HARDIK KHANDELWAL-HARDIKKHANDELWAL500-1@OKHDFCBANK-IDIB000J525-212130235399-UPI                                   ,01/05/22 ,       10000.00     ,           0.00     ,0000212130235399       ,      427288.45  
 03/05/22  ,UPI-ANSHUL  KHATTAR-7827511643@PAYTM-UTIB0003202-212383921580-FOR BILLS ON SPLIT                                         ,03/05/22 ,           0.00     ,         837.00     ,0000212383921580       ,      428125.45  
 04/05/22  ,ACH D- GROWW-AABERATYGYU2                                                                                                ,04/05/22 ,       10000.00     ,           0.00     ,0000000851093980       ,      418125.45  
 05/05/22  ,UPI-NEXTBILLION TECHNOLO-GROWW@AXISBANK-UTIB0000052-212593215646-9680023483GROWW1AX                                      ,05/05/22 ,       49820.80     ,           0.00     ,0000212593215646       ,      368304.65  
 06/05/22  ,POS 512967XXXXXX9293 RATNADEEP SUPER                                                                                     ,06/05/22 ,         269.00     ,           0.00     ,0000000000006426       ,      368035.65  
 07/05/22  ,UPI-MR HARDIK KHANDELWAL-HARDIKKHANDELWAL500-1@OKICICI-IDIB000J525-212779371061-UPI                                      ,07/05/22 ,           0.00     ,         269.00     ,0000212779371061       ,      368304.65  
 09/05/22  ,ACH D- GROWW-R9L1X1P6689T                                                                                                ,09/05/22 ,        5000.00     ,           0.00     ,0000001014321929       ,      363304.65  
 12/05/22  ,UPI-ROPPEN TRANSPORTATIO-ROPPENTRANSPORTATIONSERVICEPVTLTD.RZP@SBI-SBIN0016209-213257568128-ROPPENTRANSPORTATI           ,12/05/22 ,          82.00     ,           0.00     ,0000213257568128       ,      363222.65  
 12/05/22  ,UPI-MR HARDIK KHANDELWAL-HARDIKKHANDELWAL500-1@OKICICI-IDIB000J525-213223307998-UPI                                      ,12/05/22 ,           0.00     ,          82.00     ,0000213223307998       ,      363304.65  
 13/05/22  ,UPI-213383151854-LICIGROWW10487173-50200021339924                                                                        ,13/05/22 ,       13560.00     ,           0.00     ,0000000018822319       ,      349744.65  
 14/05/22  ,UPI-NITIKA KHANDELWAL-NITIKA1396-2@OKICICI-ICIC0006757-213482661469-UPI                                                  ,14/05/22 ,       35000.00     ,           0.00     ,0000213482661469       ,      314744.65  
 15/05/22  ,ACH D- GROWW-O1T5NODP7JE7                                                                                                ,15/05/22 ,        3000.00     ,           0.00     ,0000001247278714       ,      311744.65  
 15/05/22  ,UPI-NAMMA SHUTTLE SPORTS-BHARATPE09899726513@YESBANKLTD-YESB0YESUPI-213511383686-PAY TO NAMMA SHUTT                      ,15/05/22 ,         560.00     ,           0.00     ,0000213511383686       ,      311184.65  
 15/05/22  ,UPI-MR HARDIK KHANDELWAL-HARDIKKHANDELWAL500-1@OKICICI-IDIB000J525-213507473593-UPI                                      ,15/05/22 ,           0.00     ,         560.00     ,0000213507473593       ,      311744.65  
 16/05/22  ,UPI-ROPPEN TRANSPORTATIO-ROPPENTRANSPORTATIONSERVICEPVTLTD.RZP@SBI-SBIN0016209-213613526761-ROPPENTRANSPORTATI           ,16/05/22 ,          97.00     ,           0.00     ,0000213613526761       ,      311647.65  
 16/05/22  ,UPI-MR HARDIK KHANDELWAL-HARDIKKHANDELWAL500-1@OKICICI-IDIB000J525-213620477908-UPI                                      ,16/05/22 ,           0.00     ,          97.00     ,0000213620477908       ,      311744.65  
 17/05/22  ,ACH D- GROWW-OLERMV34ZZB6                                                                                                ,17/05/22 ,        8000.00     ,           0.00     ,0000001305043833       ,      303744.65  
 18/05/22  ,UPI-ANSHUL  KHATTAR-7827511643@PAYTM-UTIB0003202-213809409429-FOR BILLS ON SPLIT                                         ,18/05/22 ,           0.00     ,        1000.00     ,0000213809409429       ,      304744.65  
 18/05/22  ,UPI-MORE RETAIL LIMITED-PAYTM-57805201@PAYTM-PYTM0123456-213832524790-OID309334683248341                                 ,18/05/22 ,         108.90     ,           0.00     ,0000213832524790       ,      304635.75  
 18/05/22  ,UPI-LIKHITH GOWDA M-BHARATPE.0103249736@INDUS-INDB0001006-213843692626-PAY TO LIKHITH GOW                                ,18/05/22 ,          25.00     ,           0.00     ,0000213843692626       ,      304610.75  
 20/05/22  ,UPI-LKST498-PAYTM-54264741@PAYTM-PYTM0123456-214069654410-OID17680990@LKST49                                             ,20/05/22 ,        2951.00     ,           0.00     ,0000214069654410       ,      301659.75  
 20/05/22  ,UPI-BOMBAY BHELPOORI AND-PAYTM-38101849@PAYTM-PYTM0123456-214060746958-OID17680990@BOMBAY                                ,20/05/22 ,          60.00     ,           0.00     ,0000214060746958       ,      301599.75  
 21/05/22  ,UPI-MR HARDIK KHANDELWAL-HARDIKKHANDELWAL500-1@OKHDFCBANK-IDIB000J525-214109649890-UPI                                   ,21/05/22 ,        4000.00     ,           0.00     ,0000214109649890       ,      297599.75  
 24/05/22  ,ACH D- GROWW-T7HB9J2ESHUX                                                                                                ,24/05/22 ,        2000.00     ,           0.00     ,0000001460600522       ,      295599.75  
 30/05/22  ,UPI-CHAKRADAR RAJU-CHAKRADARRAJU@OKICICI-ICIC0001959-215074359960-UPI                                                    ,30/05/22 ,        1770.00     ,           0.00     ,0000215074359960       ,      293829.75  
 31/05/22  ,UPI-SIRAJUL ISLAM-9591798723@PAYTM-PUNB0144810-215138162107-NA                                                           ,31/05/22 ,         100.00     ,           0.00     ,0000215138162107       ,      293729.75  
 01/06/22  ,NEFT CR-DBSS0IN0811-AISTRINGS SOLUTIONS PRIVATE LIMITED-HARDIK KHANDELWAL-0811OP2105652405                               ,01/06/22 ,           0.00     ,      230838.04     ,0811OP2105652405       ,      524567.79  
 02/06/22  ,UPI-MR HARDIK KHANDELWAL-HARDIKKHANDELWAL500-1@OKHDFCBANK-IDIB000J525-215327820583-UPI                                   ,02/06/22 ,       30000.00     ,           0.00     ,0000215327820583       ,      494567.79  
 02/06/22  ,UPI-NEXTBILLION TECHNOLO-GROWW@AXISBANK-UTIB0000052-215346200564-9680023483GROWW1AX                                      ,02/06/22 ,       40000.00     ,           0.00     ,0000215346200564       ,      454567.79  
 03/06/22  ,UPI-ROPPEN TRANSPORTATIO-ROPPENTRANSPORTATIONSERVICEPVTLTD.RZP@SBI-SBIN0016209-215489369558-ROPPENTRANSPORTATI           ,03/06/22 ,          69.00     ,           0.00     ,0000215489369558       ,      454498.79  
 03/06/22  ,UPI-MR HARDIK KHANDELWAL-HARDIKKHANDELWAL500-1@OKICICI-IDIB000J525-215493903932-UPI                                      ,03/06/22 ,           0.00     ,          69.00     ,0000215493903932       ,      454567.79  
 05/06/22  ,ACH D- GROWW-17NKB1RFUCNT                                                                                                ,05/06/22 ,       10000.00     ,           0.00     ,0000001983830637       ,      444567.79  
 05/06/22  ,UPI-NEXTBILLION TECHNOLO-GROWW@AXISBANK-UTIB0000052-215634470975-9680023483GROWW1AX                                      ,05/06/22 ,       46495.53     ,           0.00     ,0000215634470975       ,      398072.26  
 05/06/22  ,UPI-NEXTBILLION TECHNOLO-GROWW@AXISBANK-UTIB0000052-215634485574-9680023483GROWW1AX                                      ,05/06/22 ,        7000.00     ,           0.00     ,0000215634485574       ,      391072.26  
 06/06/22  ,IMPS-215719211936-ACC VALIDATION BY ME-HSBC-XXXXXXXX1002-KFINTECHNOLOGIESBANKACCOUNTVALIDATION                           ,06/06/22 ,           0.00     ,           1.00     ,0000215719211936       ,      391073.26  
 07/06/22  ,UPI-NITIKA KHANDELWAL-NITIKA1396-2@OKICICI-ICIC0006757-215830529448-UPI                                                  ,07/06/22 ,       20000.00     ,           0.00     ,0000215830529448       ,      371073.26  
 07/06/22  ,UPI-NITIKA KHANDELWAL-NITIKA1396-2@OKICICI-ICIC0006757-215899584694-UPI                                                  ,07/06/22 ,           0.00     ,        5000.00     ,0000215899584694       ,      376073.26  
 09/06/22  ,ACH D- GROWW-JFZDCA1JBVHY                                                                                                ,09/06/22 ,        5000.00     ,           0.00     ,0000002147784702       ,      371073.26  
 10/06/22  ,NEFT CR-DBSS0IN0811-AISTRINGS SOLUTIONS PRIVATE LIMITED-HARDIK KHANDELWAL-0811OP2105975371                               ,10/06/22 ,           0.00     ,      283899.78     ,0811OP2105975371       ,      654973.04  
 10/06/22  ,UPI-NITIKA KHANDELWAL-NITIKA1396-2@OKICICI-ICIC0006757-216122455226-UPI                                                  ,10/06/22 ,           0.00     ,        8500.00     ,0000216122455226       ,      663473.04  
 13/06/22  ,POS 512967XXXXXX9293 AMAZON                                                                                              ,13/06/22 ,           2.00     ,           0.00     ,0000X90600721842       ,      663471.04  
 13/06/22  ,ACH D- GROWW-BOA33USJGY2B                                                                                                ,13/06/22 ,        3000.00     ,           0.00     ,0000002251416903       ,      660471.04  
 13/06/22  ,ACH C- TCSFINDIV13062022-961470                                                                                          ,13/06/22 ,           0.00     ,          66.00     ,0000002174085037       ,      660537.04  
 14/06/22  ,POS REF 512967******9293-06/14 AMAZON                                                                                    ,14/06/22 ,           0.00     ,           2.00     ,000000000000000        ,      660539.04  
 19/06/22  ,ACH D- GROWW-5L4TNNPB1IM9                                                                                                ,19/06/22 ,        8000.00     ,           0.00     ,0000002382555712       ,      652539.04  
 24/06/22  ,NEFT CR-DBSS0IN0811-CLARI SOFTWARE PRIVATE LIMITED-HARDIK KHANDELWAL-0811OP2106390573 SALARY FOR JUN 2022                ,24/06/22 ,           0.00     ,      147962.00     ,0811OP2106390573       ,      800501.04  
 24/06/22  ,UPI-AKSHAYH K A-Q541155538@YBL-BARB0VJHISA-217580586996-NA                                                               ,24/06/22 ,         750.00     ,           0.00     ,0000217580586996       ,      799751.04  
 25/06/22  ,UPI-NAWAZ   PASHA-RAZIYASULTANA37265@OKSBI-KKBK0008109-217686711997-UPI                                                  ,25/06/22 ,         780.00     ,           0.00     ,0000217686711997       ,      798971.04  
 25/06/22  ,UPI-NITIKA KHANDELWAL-NITIKA1396@OKHDFCBANK-HDFC0001755-217687619324-UPI                                                 ,25/06/22 ,           0.00     ,       50000.00     ,0000217687619324       ,      848971.04  
 25/06/22  ,UPI-NITIKA KHANDELWAL-NITIKA1396@OKHDFCBANK-HDFC0001755-217688385977-UPI                                                 ,25/06/22 ,           0.00     ,         800.00     ,0000217688385977       ,      849771.04  
 25/06/22  ,UPI-AJHAR  HUSAIN-BHARATPE.9050472014@FBPE-FDRL0001382-217669357617-VERIFIED MERCHANT                                    ,25/06/22 ,         170.00     ,           0.00     ,0000217669357617       ,      849601.04  
 25/06/22  ,UPI-ROPPEN TRANSPORTATIO-ROPPENTRANSPORTATIONSERVICEPVTLTD.RZP@SBI-SBIN0016209-217676271064-ROPPENTRANSPORTATI           ,25/06/22 ,         136.00     ,           0.00     ,0000217676271064       ,      849465.04  
 25/06/22  ,UPI-RAPIDO-RAPIDO.RZP@ICICI-ICIC0DC0099-217685930708-ROPPENTRANSPORTATI                                                  ,25/06/22 ,         182.00     ,           0.00     ,0000217685930708       ,      849283.04  
 26/06/22  ,ACH D- GROWW-V55BB46IEIA8                                                                                                ,26/06/22 ,        2000.00     ,           0.00     ,0000002497059186       ,      847283.04  
 26/06/22  ,UPI-AKSHAT THOLIA-AKSHATTHOLIA@OKHDFCBANK-HDFC0007205-217706959248-UPI                                                   ,26/06/22 ,           0.00     ,        1278.00     ,0000217706959248       ,      848561.04  
 27/06/22  ,UPI-MORE-MORE.27098151@HDFCBANK-HDFC0000001-217814705698-NA                                                              ,27/06/22 ,          20.00     ,           0.00     ,0000217814705698       ,      848541.04  
 27/06/22  ,ACH C- HINDUSTANUNILEVERL-00000000000022                                                                                 ,27/06/22 ,           0.00     ,          76.00     ,0000007059861178       ,      848617.04  
 28/06/22  ,ACH C- INFOSYS LIMITED-27956805                                                                                          ,28/06/22 ,           0.00     ,          32.00     ,0000002500751353       ,      848649.04  
 29/06/22  ,UPI-QUICKSILVER TECHNOLO-Q78489135@YBL-YESB0YBLUPI-218048769248-NA                                                       ,29/06/22 ,          80.00     ,           0.00     ,0000218048769248       ,      848569.04  
 01/07/22  ,CREDIT INTEREST CAPITALISED                                                                                              ,30/06/22 ,           0.00     ,        3319.00     ,000000000000000        ,      851888.04  
 01/07/22  ,UPI-MR HARDIK KHANDELWAL-HARDIKKHANDELWAL500-1@OKHDFCBANK-IDIB000J525-218287896281-UPI                                   ,01/07/22 ,       30000.00     ,           0.00     ,0000218287896281       ,      821888.04  
 02/07/22  ,UPI-SUYASH  THAKUR-SUYASHTHAKUR910@OKSBI-SBIN0002998-218310166927-UPI                                                    ,02/07/22 ,           0.00     ,       17219.00     ,0000218310166927       ,      839107.04  
 02/07/22  ,UPI-MR HARDIK KHANDELWAL-HARDIKKHANDELWAL500-1@OKHDFCBANK-IDIB000J525-218310599852-UPI                                   ,02/07/22 ,       12000.00     ,           0.00     ,0000218310599852       ,      827107.04  
 02/07/22  ,ACH C- HDFCLIFEINSURANCE-000000000000032                                                                                 ,02/07/22 ,           0.00     ,          28.90     ,0000007048942183       ,      827135.94  
 02/07/22  ,0207317399 TATA STEEL LTD FINAL DIVIDEND                                                                                 ,02/07/22 ,           0.00     ,         153.00     ,0000020722111409       ,      827288.94  
 05/07/22  ,ACH D- GROWW-23586656                                                                                                    ,05/07/22 ,       10000.00     ,           0.00     ,0000002702662104       ,      817288.94  
 07/07/22  ,NEFT DR-SBIN0020733-RASHTRIYA SAMRASTA PARTY-NETBANK, MUM-N188222028534347-HARDIK KHANDELWAL                             ,07/07/22 ,      250000.00     ,           0.00     ,N188222028534347       ,      567288.94  
 08/07/22  ,ACH C- ICICI PRUDENTIAL LIF-5069557                                                                                      ,08/07/22 ,           0.00     ,           2.75     ,0000002842882639       ,      567291.69  
 09/07/22  ,UPI-NITIKA KHANDELWAL-NITIKA1396@OKHDFCBANK-HDFC0001755-219055745894-UPI                                                 ,09/07/22 ,           0.00     ,        1010.00     ,0000219055745894       ,      568301.69  
 10/07/22  ,UPI-NITIKA KHANDELWAL-NITIKA1396@OKHDFCBANK-HDFC0001755-219170478276-UPI                                                 ,10/07/22 ,           0.00     ,        1075.00     ,0000219170478276       ,      569376.69  
 10/07/22  ,UPI-CREDCLUB1-CRED.CLUB@AXISB-UTIB0000114-219111288822-PAYMENT ON CRED                                                   ,10/07/22 ,       11349.42     ,           0.00     ,0000219111288822       ,      558027.27  
 10/07/22  ,UPI-ANSHUL  KHATTAR-7827511643@PAYTM-UTIB0003202-219138584379-FOR BILLS ON SPLIT                                         ,10/07/22 ,           0.00     ,        1895.83     ,0000219138584379       ,      559923.10  
 11/07/22  ,ACH D- GROWW-29839825                                                                                                    ,11/07/22 ,        7000.00     ,           0.00     ,0000002953346667       ,      552923.10  
 11/07/22  ,ACH D- GROWW-21675282                                                                                                    ,11/07/22 ,        5000.00     ,           0.00     ,0000002953586477       ,      547923.10  
 14/07/22  ,ACH D- GROWW-20045760                                                                                                    ,14/07/22 ,        3000.00     ,           0.00     ,0000003040529681       ,      544923.10  
 14/07/22  ,UPI-SHYAM BABU  KHANDELW-SHYAMBABUKHANDELWAL@OKSBI-SBIN0031029-219521546213-UPI                                          ,14/07/22 ,           0.00     ,        1000.00     ,0000219521546213       ,      545923.10  
 14/07/22  ,UPI-CREDCLUB1-CRED.CLUB@AXISB-UTIB0000114-219521528405-PAYMENT ON CRED                                                   ,14/07/22 ,       10111.00     ,           0.00     ,0000219521528405       ,      535812.10  
 18/07/22  ,1507024325 HDFC BANK DIVIDEND 2021-2022                                                                                  ,18/07/22 ,           0.00     ,         310.00     ,0000150722111798       ,      536122.10  
 18/07/22  ,UPI-ANSHUL  KHATTAR-7827511643@PAYTM-UTIB0003202-219928453886-FOR BILLS ON SPLIT                                         ,18/07/22 ,           0.00     ,         316.67     ,0000219928453886       ,      536438.77  
 19/07/22  ,ACH D- GROWW-24676670                                                                                                    ,19/07/22 ,        8000.00     ,           0.00     ,0000003174261310       ,      528438.77  
 20/07/22  ,ACH C- LARSEN & TOUBRO INFO-150758                                                                                       ,20/07/22 ,           0.00     ,          90.00     ,0000003156208778       ,      528528.77  
 21/07/22  ,ACH C- WHIRLPOOL OF INDIA L-43752                                                                                        ,21/07/22 ,           0.00     ,           5.00     ,0000003211107403       ,      528533.77  
 24/07/22  ,UPI-CREDCLUB1-CRED.CLUB@AXISB-UTIB0000114-220515117525-PAYMENT ON CRED                                                   ,24/07/22 ,         993.00     ,           0.00     ,0000220515117525       ,      527540.77  
 24/07/22  ,POS 512967XXXXXX9293 AMPLE TECHNOLOGI                                                                                    ,24/07/22 ,           1.00     ,           0.00     ,0000000000000800       ,      527539.77  
 25/07/22  ,NEFT CR-DBSS0IN0811-CLARI SOFTWARE PRIVATE LIMITED-HARDIK KHANDELWAL-0811OP2107346353 SALARY FOR JUL 2022                ,25/07/22 ,           0.00     ,      145201.00     ,0811OP2107346353       ,      672740.77  
 25/07/22  ,ACH D- GROWW-18908538                                                                                                    ,25/07/22 ,        2000.00     ,           0.00     ,0000003280467556       ,      670740.77  
 25/07/22  ,DC EMI LOAN# 82756687 25-07-2022                                                                                         ,25/07/22 ,       49373.00     ,           0.00     ,000000000000000        ,      621367.77  
 25/07/22  ,DC EMI LOAN# 82756687 25-07-2022                                                                                         ,25/07/22 ,           0.00     ,       49373.00     ,000000000000000        ,      670740.77  
 26/07/22  ,NEFT CR-DBSS0IN0811-CLARI SOFTWARE PRIVATE LIMITED-HARDIK KHANDELWAL-0811OP2107413405                                    ,26/07/22 ,           0.00     ,         493.73     ,0811OP2107413405       ,      671234.50  
 27/07/22  ,UPI-RAZORPAY SOFTWARE PV-RPY.QRROPPENTRAN68445462@ICICI-ICIC0DC0099-220812465662-NA                                      ,27/07/22 ,          36.00     ,           0.00     ,0000220812465662       ,      671198.50  
 29/07/22  ,051030829072296782- CBDT TAX                                                                                             ,29/07/22 ,      161120.00     ,           0.00     ,IB29172049156409       ,      510078.50  
 30/07/22  ,ACH C- BAJAJ FINANCE LIMITE-3688975                                                                                      ,30/07/22 ,           0.00     ,          40.00     ,0000003447236959       ,      510118.50  
 31/07/22  ,UPI-CHETHAN L-9113569350@PAYTM-IBKL0001435-221220966927-NA                                                               ,31/07/22 ,         824.00     ,           0.00     ,0000221220966927       ,      509294.50  
 31/07/22  ,POS 512967XXXXXX9293 BLR DOMESTIC LOU                                                                                    ,31/07/22 ,          25.00     ,           0.00     ,0000000000042842       ,      509269.50  
 31/07/22  ,POS 512967XXXXXX9293 BLR DOMESTIC LOU                                                                                    ,31/07/22 ,         -25.00     ,           0.00     ,0000000000042842       ,      509294.50  
 01/08/22  ,UPI-ONECARD-ONECARD.RZP@ICICI-ICIC0DC0099-221305900858-UPI                                                               ,01/08/22 ,        7817.59     ,           0.00     ,0000221305900858       ,      501476.91  
 01/08/22  ,V GUARD IND DIV21 2200000000000000006865                                                                                 ,01/08/22 ,           0.00     ,          14.30     ,0000222131567410       ,      501491.21  
 01/08/22  ,UPI-UNIORBIT TECHNOLOGIE-UNIORBITTECHNOLOGIESPVTLTD.RZP@ICICI-ICIC0DC0099-221306659071-UNIORBITTECHNOLOGI                ,01/08/22 ,        7611.30     ,           0.00     ,0000221306659071       ,      493879.91  
 03/08/22  ,UPI-GOIBIBO-GOIBIBOPAY@ICICI-ICIC0DC0099-221555643087-UPI                                                                ,03/08/22 ,        6010.00     ,           0.00     ,0000221555643087       ,      487869.91  
 03/08/22  ,UPI-GOIBIBO-GOIBIBOPAY@ICICI-ICIC0DC0099-221523078977-REFUND-REQUEST                                                     ,03/08/22 ,           0.00     ,        6010.00     ,0000221523078977       ,      493879.91  
 03/08/22  ,0208335032 TCS 1ST INT DIVIDEND 03082022                                                                                 ,03/08/22 ,           0.00     ,          24.00     ,0000020822112258       ,      493903.91  
 05/08/22  ,ACH D- GROWW-23586656                                                                                                    ,05/08/22 ,       10000.00     ,           0.00     ,0000003587344104       ,      483903.91  
 05/08/22  ,UPI-SHREE BHAIRAV FILLIN-PAYTM-8908410@PAYTM-PYTM0123456-221711373869-OID202208051124300                                 ,05/08/22 ,        3561.36     ,           0.00     ,0000221711373869       ,      480342.55  
 05/08/22  ,POS 512967XXXXXX9293 SMART POINT PHAR                                                                                    ,05/08/22 ,         233.99     ,           0.00     ,0000000000001072       ,      480108.56  
 06/08/22  ,IMPS-221818793609-MR. UDIT KRISHNA CHA-IDFB-XXXXXXX1746-                                                                 ,06/08/22 ,           0.00     ,      161120.00     ,0000221818793609       ,      641228.56  
 07/08/22  ,UPI-REAL ENTREPRENEUR AN-PAYTM-70045305@PAYTM-PYTM0123456-221965609629-OID202208071947520                                ,07/08/22 ,         625.00     ,           0.00     ,0000221965609629       ,      640603.56  
 08/08/22  ,ACH C- LARSENTOUBROLIMI-0000000000001632                                                                                 ,08/08/22 ,           0.00     ,         110.00     ,0000007073736220       ,      640713.56  
 09/08/22  ,UPI-SWASTIK HOSPITAL-Q30930431@YBL-YESB0YBLUPI-222198751933-UPI                                                          ,09/08/22 ,         400.00     ,           0.00     ,0000222198751933       ,      640313.56  
 10/08/22  ,ACH D- GROWW-29839825                                                                                                    ,10/08/22 ,        7000.00     ,           0.00     ,0000003793694137       ,      633313.56  
 10/08/22  ,ACH D- GROWW-21675282                                                                                                    ,10/08/22 ,        5000.00     ,           0.00     ,0000003794312283       ,      628313.56  
 11/08/22  ,UPI-DHARAPAVITRAM-PAYTM-58964803@PAYTM-PYTM0123456-222318439283-OID202208111006460                                       ,11/08/22 ,         460.00     ,           0.00     ,0000222318439283       ,      627853.56  
 11/08/22  ,UPI-SHREE BHAIRAV FILLIN-PAYTM-8908410@PAYTM-PYTM0123456-222329036809-OID202208111237280                                 ,11/08/22 ,         180.00     ,           0.00     ,0000222329036809       ,      627673.56  
 12/08/22  ,UPI-CRED-CRED.CCBP@YESBANK-YESB0000022-222412749512-PAYMENT ON CRED                                                      ,12/08/22 ,       39240.22     ,           0.00     ,0000222412749512       ,      588433.34  
 12/08/22  ,UPI-NAVAL KISHORE-PAYTMQR28100505010117V76VQ93S6S@PAYTM-PYTM0123456-222459358464-UPI                                     ,12/08/22 ,         130.00     ,           0.00     ,0000222459358464       ,      588303.34  
 12/08/22  ,UPI-ROOFTOP 2-PAYTM-72167155@PAYTM-PYTM0123456-222468452741-UPI                                                          ,12/08/22 ,         735.00     ,           0.00     ,0000222468452741       ,      587568.34  
 12/08/22  ,UPI-EAZYDINER-EAZYDINER.PAYU@AXISBANK-UTIB0000000-222484879979-UPI TRANSACTION                                           ,12/08/22 ,        2727.00     ,           0.00     ,0000222484879979       ,      584841.34  
 13/08/22  ,UPI-SUWALAL MEENA-Q683029340@YBL-UCBA0000725-222540594549-NA                                                             ,13/08/22 ,          40.00     ,           0.00     ,0000222540594549       ,      584801.34  
 13/08/22  ,UPI-ARPIT GUPTA-7611867664@PAYTM-PYTM0123456-222566909155-NA                                                             ,13/08/22 ,           0.00     ,        1000.00     ,0000222566909155       ,      585801.34  
 14/08/22  ,UPI-RAJESH SADNANI-PAYTM-66110033@PAYTM-PYTM0123456-222656547484-OID202208141826060                                      ,14/08/22 ,         300.00     ,           0.00     ,0000222656547484       ,      585501.34  
 16/08/22  ,ACH D- GROWW-20045760                                                                                                    ,16/08/22 ,        3000.00     ,           0.00     ,0000003941233090       ,      582501.34  
 16/08/22  ,UPI-IEESH KEDAWAT-IEESH.7752@WAAXIS-PYTM0123456-222867844859-UPI                                                         ,16/08/22 ,           0.00     ,         900.00     ,0000222867844859       ,      583401.34  
 17/08/22  ,ACH C- BHARTI AIRTEL LTD-7091472                                                                                         ,17/08/22 ,           0.00     ,          33.00     ,0000003993313149       ,      583434.34  
 18/08/22  ,ACH D- GROWW-24676670                                                                                                    ,18/08/22 ,        8000.00     ,           0.00     ,0000003983715495       ,      575434.34  
 18/08/22  ,ACH C- SYMPHONY LIMITED FV-SYM0INT02023W                                                                                 ,18/08/22 ,           0.00     ,          10.00     ,0000004002611241       ,      575444.34  
 18/08/22  ,UPI-INTERGLOBE AVIATION -INDIGO.RZP@ICICI-ICIC0DC0099-223065086479-INDIGO RAZOR PAY P                                    ,18/08/22 ,         150.00     ,           0.00     ,0000223065086479       ,      575294.34  
 20/08/22  ,UPI-NITIKA KHANDELWAL-NITIKA1396@OKHDFCBANK-HDFC0001755-223223339382-UPI                                                 ,20/08/22 ,         851.00     ,           0.00     ,0000223223339382       ,      574443.34  
 21/08/22  ,UPI-PAYTM UTILITY BILL-PAYTM-PTMBBP@PAYTM-PYTM0123456-223396019149-OID18936979719@PAY                                    ,21/08/22 ,         640.29     ,           0.00     ,0000223396019149       ,      573803.05  
 21/08/22  ,UPI-BHARATPEMERCHANT-BHARATPE.9041742092@ICICI-ICIC0DC0099-223363041062-VERIFIED MERCHANT                                ,21/08/22 ,          75.00     ,           0.00     ,0000223363041062       ,      573728.05  
 22/08/22  ,UPI-ADD MONEY TO WALLET-ADD-MONEY@PAYTM-PYTM0123456-223499140901-OID18905092549@PAY                                      ,22/08/22 ,        1000.00     ,           0.00     ,0000223499140901       ,      572728.05  
 22/08/22  ,ACH C- DABUR INDIA LIMITED-6409684                                                                                       ,22/08/22 ,           0.00     ,          24.30     ,0000004074654582       ,      572752.35  
 23/08/22  ,IB BILLPAY DR-HDFC5E-361150XXXX0462                                                                                      ,23/08/22 ,        8833.54     ,           0.00     ,MB23183036388T45       ,      563918.81  
 25/08/22  ,ACH D- GROWW-18908538                                                                                                    ,25/08/22 ,        2000.00     ,           0.00     ,0000004125076955       ,      561918.81  
 25/08/22  ,NEFT CR-DBSS0IN0811-CLARI SOFTWARE PRIVATE LIMITED-HARDIK KHANDELWAL-0811OP2108363903 SALARY FOR AUG 2022                ,25/08/22 ,           0.00     ,      244390.00     ,0811OP2108363903       ,      806308.81  
 25/08/22  ,UPI-ACT-PAYTM-53507233@PAYTM-PYTM0123456-223717092784-PAYMENT FOR SUBSCR                                                 ,25/08/22 ,       10579.58     ,           0.00     ,0000223717092784       ,      795729.23  
 26/08/22  ,UPI-SYED RIZWAN-PAYTM-28692225@PAYTM-PYTM0123456-223874045186-OID202208262018070                                         ,26/08/22 ,        2000.00     ,           0.00     ,0000223874045186       ,      793729.23  
 26/08/22  ,UPI-REBEL MARKETPLACE IN-REBELMARKETPLACEINDIA.RZP@ICICI-ICIC0DC0099-223877241678-NA                                     ,26/08/22 ,         183.00     ,           0.00     ,0000223877241678       ,      793546.23  
 27/08/22  ,UPI-PEPPERFRY-PEPPERFRY.PAYU@AXISBANK-UTIB0000000-223975170218-PEPPERFRY PRIVATE                                         ,28/08/22 ,       10190.00     ,           0.00     ,0000223975170218       ,      783356.23  
 28/08/22  ,UPI-UNIORBIT TECHNOLOGIE-UNIORBITTECHNOLOGIESPVTLTD.RZP@ICICI-ICIC0DC0099-224090621554-UNIORBITTECHNOLOGI                ,28/08/22 ,        2321.00     ,           0.00     ,0000224090621554       ,      781035.23  
 28/08/22  ,UPI-LOKESH G A SO AMASE-9902630994@PAYTM-CNRB0000033-224082957922-NA                                                     ,28/08/22 ,          83.00     ,           0.00     ,0000224082957922       ,      780952.23  
 29/08/22  ,ACH C- CIPLALIMITED-00000000000005474398                                                                                 ,29/08/22 ,           0.00     ,          30.00     ,0000007030304241       ,      780982.23  
 29/08/22  ,2908122392 RELIANCE IND LTD DIV 2021-22-                                                                                 ,29/08/22 ,           0.00     ,          64.00     ,0000290822112878       ,      781046.23  
 29/08/22  ,UPI-BHARATPEMERCHANT-BHARATPE.9041742092@ICICI-ICIC0DC0099-224169533244-VERIFIED MERCHANT                                ,29/08/22 ,          55.00     ,           0.00     ,0000224169533244       ,      780991.23  
 30/08/22  ,IMPS-224221682594-DIGIOTECH SOLUTIONS-YESB-XXXXXXXXXXX6178-CAMDEN TOWN BANK ACCOUNT VERIFICATION PENNYDROP               ,30/08/22 ,           0.00     ,           1.00     ,0000224221682594       ,      780992.23  
 02/09/22  ,UPI-PIYUSH  SHARMA-PIYUSHSHARMANOV97@OKSBI-SBIN0021224-224504054574-UPI                                                  ,02/09/22 ,           0.00     ,          72.00     ,0000224504054574       ,      781064.23  
 02/09/22  ,UPI-SYED SHAHUL-PAYTM-10153010@PAYTM-PYTM0123456-224559744685-OID202209021843350                                         ,02/09/22 ,        2500.00     ,           0.00     ,0000224559744685       ,      778564.23  
 02/09/22  ,UPI-CREDCLUB1-CRED.CLUB@AXISB-UTIB0000114-224521219253-PAYMENT ON CRED                                                   ,02/09/22 ,       39645.00     ,           0.00     ,0000224521219253       ,      738919.23  
 03/09/22  ,UPI-XXXXXX3258-UBIN0554626-224615645449-B 013 RESIDENCY PA                                                               ,03/09/22 ,       24000.00     ,           0.00     ,0000224615645449       ,      714919.23  
 03/09/22  ,UPI-APNACOMPLEX-APNACOMPLEX.PAYU@ICICI-ICIC0DC0099-224615672459-UPI TRANSACTION FO                                       ,03/09/22 ,        3524.00     ,           0.00     ,0000224615672459       ,      711395.23  
 03/09/22  ,UPI-SANJIB  NONIA-SANJBPRINCE-1@OKAXIS-ESMF0001604-224615684652-UPI                                                      ,03/09/22 ,        1000.00     ,           0.00     ,0000224615684652       ,      710395.23  
 03/09/22  ,UPI-MR HARDIK KHANDELWAL-HARDIKKHANDELWAL500-1@OKHDFCBANK-IDIB000J525-224616547966-UPI                                   ,03/09/22 ,        5000.00     ,           0.00     ,0000224616547966       ,      705395.23  
 03/09/22  ,UPI-POLICY BAZAAR INSURA-POLICYBAZAAR.PAYU@HDFCBANK-HDFC0000499-224662336595-UPI TRANSACTION                             ,03/09/22 ,        9407.00     ,           0.00     ,0000224662336595       ,      695988.23  
 05/09/22  ,ACH D- GROWW-23586656                                                                                                    ,05/09/22 ,       10000.00     ,           0.00     ,0000004441254961       ,      685988.23  
 06/09/22  ,ACH C- APOLLO HOSP.DIV 2022-AHL120887007                                                                                 ,06/09/22 ,           0.00     ,         141.00     ,0000004510185600       ,      686129.23  
 07/09/22  ,NEFT CR-ICIC0000104-CENTRAL DEPOSITORY SERVICES INDIA LIMITED G SEC-HARDIK KHANDELWAL-CMS2816664816                      ,07/09/22 ,           0.00     ,         118.30     ,000CMS2816664816       ,      686247.53  
 09/09/22  ,ACH C- SYMPHONY LIMITED FV-SYM0FIN02022W                                                                                 ,09/09/22 ,           0.00     ,          30.00     ,0000004546593054       ,      686277.53  
 10/09/22  ,UPI-AAI MATHA HOME APPLI-GPAY-11199896588@OKBIZAXIS-UTIB0000000-225364431377-NA                                          ,10/09/22 ,         320.00     ,           0.00     ,0000225364431377       ,      685957.53  
 10/09/22  ,UPI-PAWAL LEPCHA-Q203570652@YBL-YESB0YBLUPI-225365514794-NA                                                              ,10/09/22 ,          70.00     ,           0.00     ,0000225365514794       ,      685887.53  
 12/09/22  ,ACH D- GROWW-29839825                                                                                                    ,12/09/22 ,        7000.00     ,           0.00     ,0000004634751967       ,      678887.53  
 12/09/22  ,ACH D- GROWW-21675282                                                                                                    ,12/09/22 ,        5000.00     ,           0.00     ,0000004634917028       ,      673887.53  
 12/09/22  ,UPI-POLICYBAZAAR INSURAN-PAYTM-8735485@PAYTM-PYTM0123456-225532415481-SUBSCRIPTION FOR P                                 ,12/09/22 ,        1412.00     ,           0.00     ,0000225532415481       ,      672475.53  
 13/09/22  ,UPI-FINZOOMERS SERVICES -FINZOOMERS.RZP@ICICI-ICIC0DC0099-225637086433-INDMONEY                                          ,13/09/22 ,       80000.00     ,           0.00     ,0000225637086433       ,      592475.53  
 13/09/22  ,IMPS-225609245797-ACC VALIDATION BY ME-HSBC-XXXXXXXX1002-DEZERVBANKACCOUNTVALIDATION                                     ,13/09/22 ,           0.00     ,           1.00     ,0000225609245797       ,      592476.53  
 14/09/22  ,ACH D- GROWW-20045760                                                                                                    ,14/09/22 ,        3000.00     ,           0.00     ,0000004678345294       ,      589476.53  
 16/09/22  ,INFO ED FIN DIV 212200000000000000020854                                                                                 ,16/09/22 ,           0.00     ,          10.00     ,0000222590050812       ,      589486.53  
 18/09/22  ,UPI-CREDCLUB1-CRED.CLUB@AXISB-UTIB0000114-226112973200-PAYMENT ON CRED                                                   ,18/09/22 ,       11854.65     ,           0.00     ,0000226112973200       ,      577631.88  
 20/09/22  ,UPI-BHARTIYA JALPANHSR-Q96696693@YBL-YESB0YBLUPI-226367219424-NA                                                         ,20/09/22 ,         397.00     ,           0.00     ,0000226367219424       ,      577234.88  
 22/09/22  ,UPI-ANAND H N-Q921063803@YBL-CNRB0000000-226526043700-NA                                                                 ,22/09/22 ,         824.00     ,           0.00     ,0000226526043700       ,      576410.88  
 22/09/22  ,UPI-SHEETAL JAIN-SHEETALJAIN2414167@OKAXIS-CNRB0000000-226522302421-UPI                                                  ,22/09/22 ,           0.00     ,         240.00     ,0000226522302421       ,      576650.88  
 22/09/22  ,UPI-SUJATA  MISHRA-MISHRASUJATA1628@OKSBI-SBIN0005802-226548021342-TAXI FARE                                             ,22/09/22 ,           0.00     ,         240.00     ,0000226548021342       ,      576890.88  
 22/09/22  ,UPI-SUVIL SIPANI-9910848606@PAYTM-PYTM0123456-226551073082-NA                                                            ,22/09/22 ,           0.00     ,         340.00     ,0000226551073082       ,      577230.88  
 22/09/22  ,UPI-AUDY WINE AND GENERA-9822688129@YBL-BKID0001039-226564143317-NA                                                      ,22/09/22 ,        4245.00     ,           0.00     ,0000226564143317       ,      572985.88  
 23/09/22  ,NEFT CR-DBSS0IN0811-CLARI SOFTWARE PRIVATE LIMITED-HARDIK KHANDELWAL-0811OP2109305161 SALARY FOR SEPT 2022               ,23/09/22 ,           0.00     ,      165144.00     ,0811OP2109305161       ,      738129.88  
 25/09/22  ,UPI-JUSTINO BARRETO-JUSTINBARRETO19399@OKICICI-BKID0001039-226809847186-NA                                               ,25/09/22 ,        1300.00     ,           0.00     ,0000226809847186       ,      736829.88  
 25/09/22  ,UPI-ABHISHEK VIVEK JOSHI-LAMBORGINI.MURCEALAGO95@OKHDFCBANK-HDFC0000816-226807160188-UPI                                 ,25/09/22 ,           0.00     ,         650.00     ,0000226807160188       ,      737479.88  
 25/09/22  ,UPI-WAKEFIT-CFWAKEFIT@ICICI-ICIC0DC0099-226821509493-PAY FOR MERCHANT                                                    ,25/09/22 ,        8967.00     ,           0.00     ,0000226821509493       ,      728512.88  
 25/09/22  ,UPI-WAKEFIT-CASHFREEWAKEFIT@YESBANK-YESB0000022-226829032119-PAY FOR MERCHANT                                            ,26/09/22 ,       10095.00     ,           0.00     ,0000226829032119       ,      718417.88  
 26/09/22  ,UPI-WAKEFIT-CFWAKEFIT@ICICI-ICIC0DC0099-226957173902-REFUND-REQUEST                                                      ,26/09/22 ,           0.00     ,        8967.00     ,0000226957173902       ,      727384.88  
 26/09/22  ,ACH C- GUJARAT GAS LIMITED-2638453                                                                                       ,26/09/22 ,           0.00     ,           8.00     ,0000004921125865       ,      727392.88  
 28/09/22  ,UPI-ADD MONEY TO WALLET-ADD-MONEY@PAYTM-PYTM0123456-227189844994-OID19247677764@PAY                                      ,28/09/22 ,         500.00     ,           0.00     ,0000227189844994       ,      726892.88  
 29/09/22  ,UPI-SANJIB  NONIA-SANJBPRINCE-1@OKAXIS-ESMF0001604-227296360593-UPI                                                      ,29/09/22 ,        2000.00     ,           0.00     ,0000227296360593       ,      724892.88  
 29/09/22  ,UPI-GOOGLEPAY-GOOG-PAYMENT@OKAXIS-UTIB0000553-227277991577-EARNED FOR USING G                                            ,29/09/22 ,           0.00     ,           5.00     ,0000227277991577       ,      724897.88  
 29/09/22  ,UPI-NUTS CORNER HSR-Q445599612@YBL-YESB0YBLUPI-227253342856-NA                                                           ,29/09/22 ,         475.00     ,           0.00     ,0000227253342856       ,      724422.88  
 29/09/22  ,UPI-ADD MONEY TO WALLET-ADD-MONEY@PAYTM-PYTM0123456-227298654104-OID19277715328@PAY                                      ,29/09/22 ,        2000.00     ,           0.00     ,0000227298654104       ,      722422.88  
 29/09/22  ,UPI-SHIVAY LAMBA-SHIVAYLAMBA@OKAXIS-DBSS0IN0811-227298527465-UPI                                                         ,30/09/22 ,           0.00     ,         270.00     ,0000227298527465       ,      722692.88  
 30/09/22  ,UPI-UNIORBIT TECHNOLOGIE-UNIORBITTECHNOLOGIES.RZP@AXISBANK-UTIB0000100-227307121875-UNIORBITTECHNOLOGI                   ,30/09/22 ,         770.77     ,           0.00     ,0000227307121875       ,      721922.11  
 30/09/22  ,UPI-ONECARD-ONECARD.RZP@ICICI-ICIC0DC0099-227320635686-UPI                                                               ,30/09/22 ,        1668.39     ,           0.00     ,0000227320635686       ,      720253.72  
 30/09/22  ,IB BILLPAY DR-HDFC8E-463202XXXXXX6890                                                                                    ,30/09/22 ,        5022.00     ,           0.00     ,MB30100453247T45       ,      715231.72  
 30/09/22  ,UPI-ROPPEN TRANSPORTATIO-ROPPENTRANSPORTATIONSERVICEPVTLTD.RZP@SBI-SBIN0016209-227310622205-RAPIDORECHARGEWALL           ,30/09/22 ,          50.00     ,           0.00     ,0000227310622205       ,      715181.72  
 01/10/22  ,CREDIT INTEREST CAPITALISED                                                                                              ,30/09/22 ,           0.00     ,        4787.00     ,000000000000000        ,      719968.72  
 01/10/22  ,UPI-SONY PICTURES NETWOR-SONY.RZP@ICICI-ICIC0DC0099-227471954886-PAY VIA RAZORPAY                                        ,01/10/22 ,         999.00     ,           0.00     ,0000227471954886       ,      718969.72  
 05/10/22  ,DC 1019060021830469 AUTOPAY SI-TAD                                                                                       ,05/10/22 ,        8229.32     ,           0.00     ,0000000458910589       ,      710740.40  
 06/10/22  ,UPI-EURONETGPAY-EURONETGPAY.PAY@ICICI-ICIC0DC0099-227977251400-UPI                                                       ,06/10/22 ,         239.00     ,           0.00     ,0000227977251400       ,      710501.40  
 06/10/22  ,UPI-UJAGAR SINGH SO BAL -Q124244145@YBL-YESB0YBLUPI-227968977757-NA                                                      ,06/10/22 ,          40.00     ,           0.00     ,0000227968977757       ,      710461.40  
 07/10/22  ,UPI-XXXXXX3258-UBIN0554626-228006049318-UPI                                                                              ,07/10/22 ,       24000.00     ,           0.00     ,0000228006049318       ,      686461.40  
 08/10/22  ,POS 512967XXXXXX9293 BLR DOMESTIC                                                                                        ,08/10/22 ,          25.00     ,           0.00     ,0000000000838587       ,      686436.40  
 08/10/22  ,POS 512967XXXXXX9293 BLR DOMESTIC                                                                                        ,08/10/22 ,         -25.00     ,           0.00     ,0000000000838587       ,      686461.40  
 09/10/22  ,UPI-BLUE PLATE ENTERPRIS-BHARATPE907720045884@YESBANKLTD-YESB0YESUPI-228270472976-PAY TO BLUE PLATE                      ,09/10/22 ,         320.00     ,           0.00     ,0000228270472976       ,      686141.40  
 12/10/22  ,UPI-ADD MONEY TO WALLET-ADD-MONEY@PAYTM-PYTM0123456-228583155382-OID19335413459@PAY                                      ,12/10/22 ,          21.67     ,           0.00     ,0000228583155382       ,      686119.73  
 12/10/22  ,ACH C- LIFE INSURANCE CORPO-1776414                                                                                      ,12/10/22 ,           0.00     ,          22.50     ,0000005268190111       ,      686142.23  
 13/10/22  ,UPI-ADD MONEY TO WALLET-ADD-MONEY@PAYTM-PYTM0123456-228690434545-OID19348196755@PAY                                      ,13/10/22 ,          20.00     ,           0.00     ,0000228690434545       ,      686122.23  
 13/10/22  ,UPI-AIRTEL PAYMENTS BANK-AIRTEL66.PAYU@ICICI-ICIC0DC0099-228645480737-UPITRANSACTIONFOR6                                 ,13/10/22 ,        1799.00     ,           0.00     ,0000228645480737       ,      684323.23  
 14/10/22  ,UPI-POLICYBAZAAR INSURAN-PAYTM-8735485@PAYTM-PYTM0123456-228708716125-OIDPBSI8345075@POL                                 ,14/10/22 ,        1410.00     ,           0.00     ,0000228708716125       ,      682913.23  
 14/10/22  ,UPI-ADD MONEY TO WALLET-ADD-MONEY@PAYTM-PYTM0123456-228790481608-OID19404023873@PAY                                      ,14/10/22 ,          40.00     ,           0.00     ,0000228790481608       ,      682873.23  
 15/10/22  ,UPI-NAVAL KISHORE-PAYTM-62166477@PAYTM-PYTM0123456-228817311976-OID202210151149380                                       ,15/10/22 ,        1250.00     ,           0.00     ,0000228817311976       ,      681623.23  
 15/10/22  ,UPI-ADD MONEY TO WALLET-ADD-MONEY@PAYTM-PYTM0123456-228889039487-OID19415017292@PAY                                      ,15/10/22 ,          30.00     ,           0.00     ,0000228889039487       ,      681593.23  
 20/10/22  ,UPI-CRED-CRED.CCBP@YESBANK-YESB0000022-229327413580-PAYMENT ON CRED                                                      ,20/10/22 ,       11349.20     ,           0.00     ,0000229327413580       ,      670244.03  
 21/10/22  ,UPI-HARISH KESNANI SO SH-Q075435050@YBL-YESB0YBLUPI-229467104922-NA                                                      ,21/10/22 ,          80.00     ,           0.00     ,0000229467104922       ,      670164.03  
 22/10/22  ,UPI-SANDEEP GUPTA-Q335704447@YBL-YESB0YBLUPI-229554652995-NA                                                             ,22/10/22 ,         160.00     ,           0.00     ,0000229554652995       ,      670004.03  
 25/10/22  ,NEFT CR-DBSS0IN0811-CLARI SOFTWARE PRIVATE LIMITED-HARDIK KHANDELWAL-0811OP2110294319 SALARY FOR OCT 2022                ,25/10/22 ,           0.00     ,      145200.00     ,0811OP2110294319       ,      815204.03  
 27/10/22  ,UPI-ADD MONEY TO WALLET-ADD-MONEY@PAYTM-PYTM0123456-230091226045-OID19463333463@PAY                                      ,27/10/22 ,         140.00     ,           0.00     ,0000230091226045       ,      815064.03  
 27/10/22  ,UPI-NITIKA KHANDELWAL-NITIKA1396@OKHDFCBANK-HDFC0001755-230060969634-UPI                                                 ,27/10/22 ,        1500.00     ,           0.00     ,0000230060969634       ,      813564.03  
 29/10/22  ,UPI-SWIGGYDINER-SWIGGYDINER@YESPAY-YESB0YESUPI-230299111168-PAY FOR MERCHANT                                             ,29/10/22 ,        1722.00     ,           0.00     ,0000230299111168       ,      811842.03  
 29/10/22  ,IMPS-230222141172-CASHFREE PAYMENTS IN-IDFB-XXXXXXX6991-WINTWEALTHBANKDETAILSVALIDATION                                  ,29/10/22 ,           0.00     ,           1.00     ,0000230222141172       ,      811843.03  
 30/10/22  ,UPI-ADD MONEY TO WALLET-ADD-MONEY@PAYTM-PYTM0123456-230391612096-OID19498631514@PAY                                      ,30/10/22 ,          70.00     ,           0.00     ,0000230391612096       ,      811773.03  
 01/11/22  ,UPI-DEVI SINGH-7665002971@IBL-UTIB0004231-230514524842-NA                                                                ,01/11/22 ,         139.00     ,           0.00     ,0000230514524842       ,      811634.03  
 01/11/22  ,UPI-FPLTECHNOLOGIESPVTLT-ONECARD.RZP@SBI-SBIN0016209-230550681071-UPI                                                    ,01/11/22 ,         656.00     ,           0.00     ,0000230550681071       ,      810978.03  
 01/11/22  ,UPI-NYKAA-MYNYKAA@HDFCBANK-HDFC0000499-230553508535-NYKAAERETAILPVTLTD                                                   ,01/11/22 ,         686.00     ,           0.00     ,0000230553508535       ,      810292.03  
 01/11/22  ,UPI-UBER INDIA SYSTEMS P-UBERRIDES@HDFCBANK-HDFC0000499-230543635951-UBERRIDE                                            ,01/11/22 ,           1.00     ,           0.00     ,0000230543635951       ,      810291.03  
 01/11/22  ,UPI-UBER INDIA SYSTEMS P-UBERRIDES@HDFCBANK-HDFC0000240-230571956986-CHARGE ADJUSTMENT                                   ,01/11/22 ,           0.00     ,           1.00     ,0000230571956986       ,      810292.03  
 01/11/22  ,UPI-ADD MONEY TO WALLET-ADD-MONEY@PAYTM-PYTM0123456-230598656689-OID19532838801@PAY                                      ,01/11/22 ,        1000.00     ,           0.00     ,0000230598656689       ,      809292.03  
 01/11/22  ,UPI-LIVEPURE-LIVEPURE.RZP@AXISBANK-UTIB0000100-230574535503-LIVPURE ORDER                                                ,01/11/22 ,        2400.00     ,           0.00     ,0000230574535503       ,      806892.03  
 03/11/22  ,UPI-ADD MONEY TO WALLET-ADD-MONEY@PAYTM-PYTM0123456-230797190281-OID19516339191@PAY                                      ,03/11/22 ,           7.21     ,           0.00     ,0000230797190281       ,      806884.82  
 03/11/22  ,UPI-ADD MONEY TO WALLET-ADD-MONEY@PAYTM-PYTM0123456-230797248507-OID19516378871@PAY                                      ,03/11/22 ,         200.00     ,           0.00     ,0000230797248507       ,      806684.82  
 04/11/22  ,UPI-MUNNAWAR ALI S O MUK-8209383834@PAYTM-BARB0JOHARI-230835355730-NA                                                    ,04/11/22 ,        1350.00     ,           0.00     ,0000230835355730       ,      805334.82  
 05/11/22  ,DC 1019060021830469 AUTOPAY SI-TAD                                                                                       ,05/11/22 ,        5229.32     ,           0.00     ,0000000466246646       ,      800105.50  
 05/11/22  ,UPI-ARPIT GUPTA-PAYTM-35288009@PAYTM-PYTM0123456-230967298192-OID202211051956240                                         ,05/11/22 ,         500.00     ,           0.00     ,0000230967298192       ,      799605.50  
 06/11/22  ,UPI-ALOK SINGH SO SANTOS-7568130718@YBL-BARB0RODHAI-231031007805-NA                                                      ,06/11/22 ,        1800.00     ,           0.00     ,0000231031007805       ,      797805.50  
 06/11/22  ,POS 512967XXXXXX9293 ZUDIO A UNIT OF                                                                                     ,06/11/22 ,         298.00     ,           0.00     ,0000000000003888       ,      797507.50  
 06/11/22  ,POS 512967XXXXXX9293 SMART BAZAAR                                                                                        ,06/11/22 ,        1717.70     ,           0.00     ,0000000000001063       ,      795789.80  
 07/11/22  ,ACH C- TCS2NDINT07112022-792050                                                                                          ,07/11/22 ,           0.00     ,          24.00     ,0000006192268512       ,      795813.80  
 07/11/22  ,UPI-ARPIT GUPTA-7611867664@PAYTM-PYTM0123456-231170679444-NA                                                             ,07/11/22 ,           0.00     ,         600.00     ,0000231170679444       ,      796413.80  
 09/11/22  ,UPI-WINT WEALTH-WINTWEALTH.RZP@ICICI-ICIC0DC0099-231318160623-WINTWEALTHORDERID1                                         ,09/11/22 ,       50120.65     ,           0.00     ,0000231318160623       ,      746293.15  
 10/11/22  ,ACH C- INFOSYS LIMITED-31048247                                                                                          ,10/11/22 ,           0.00     ,          33.00     ,0000006280448681       ,      746326.15  
 12/11/22  ,UPI-NAVAL KISHORE-PAYTM-62166477@PAYTM-PYTM0123456-231654093870-OID202211121821100                                       ,12/11/22 ,         140.00     ,           0.00     ,0000231654093870       ,      746186.15  
 14/11/22  ,UPI-POLICYBAZAAR INSURAN-PAYTM-8735485@PAYTM-PYTM0123456-231807516125-OIDPBSI8718369@POL                                 ,14/11/22 ,        1411.00     ,           0.00     ,0000231807516125       ,      744775.15  
 14/11/22  ,ACH D- GROWW-52PPH5JJB3I6                                                                                                ,14/11/22 ,        8000.00     ,           0.00     ,0000006424544561       ,      736775.15  
 15/11/22  ,UPI-RAHUL SHARMA-7610962475RAHUL@PAYTM-PYTM0123456-231923365597-NA                                                       ,15/11/22 ,         250.00     ,           0.00     ,0000231923365597       ,      736525.15  
 15/11/22  ,ACH C- SYMPHONY LIMITED FV-SYM0INT02023W                                                                                 ,15/11/22 ,           0.00     ,          10.00     ,0000006443276490       ,      736535.15  
 15/11/22  ,UPI-NEXTBILLION TECHNOLO-GROWW.RAZORPAY@HDFCBANK-HDFC0000499-231911275449-GROWW                                          ,15/11/22 ,       15000.00     ,           0.00     ,0000231911275449       ,      721535.15  
 17/11/22  ,ACH C- DABUR INDIA LIMITED-6906573                                                                                       ,17/11/22 ,           0.00     ,          22.50     ,0000006521606880       ,      721557.65  
 17/11/22  ,ACH C- HINDUSTANUNILEVERL-00000000000024                                                                                 ,17/11/22 ,           0.00     ,          68.00     ,0000007053636321       ,      721625.65  
 18/11/22  ,ACH D- GROWW-FO9MLWXZ1A5S                                                                                                ,18/11/22 ,        8000.00     ,           0.00     ,0000006511891612       ,      713625.65  
 19/11/22  ,UPI-CREDCLUB1-CRED.CLUB@AXISB-UTIB0000114-232321495067-PAYMENT ON CRED                                                   ,19/11/22 ,        3937.02     ,           0.00     ,0000232321495067       ,      709688.63  
 24/11/22  ,UPI-BHARTI AIRTEL LIMITE-AIRTEL.PAYU@HDFCBANK-HDFC0000622-232807649970-UPITRANSACTIONFORP                                ,24/11/22 ,         666.00     ,           0.00     ,0000232807649970       ,      709022.63  
 24/11/22  ,UPI-HENNES N MAURITZ-HENNESNMAURITZ.76042179@HDFCBANK-HDFC0004809-232816502470-COLLECT                                   ,24/11/22 ,        4237.60     ,           0.00     ,0000232816502470       ,      704785.03  
 24/11/22  ,UPI-WWW ZARA COM-ZARA.PAYU@HDFCBANK-HDFC0000499-232816947331-UPI TRANSACTION                                             ,24/11/22 ,        3830.00     ,           0.00     ,0000232816947331       ,      700955.03  
 24/11/22  ,UPI-WWW ZARA COM-ZARA.PAYU@HDFCBANK-HDFC0000240-232816990116-REFUND                                                      ,24/11/22 ,           0.00     ,        3830.00     ,0000232816990116       ,      704785.03  
 24/11/22  ,UPI-WWW ZARA COM-ZARA.PAYU@HDFCBANK-HDFC0000499-232816990556-UPI TRANSACTION                                             ,24/11/22 ,        5380.00     ,           0.00     ,0000232816990556       ,      699405.03  
 25/11/22  ,NEFT CR-DBSS0IN0811-CLARI SOFTWARE PRIVATE LIMITED-HARDIK KHANDELWAL-0811OP2111297564 SALARY FOR NOV 2022                ,25/11/22 ,           0.00     ,      189506.00     ,0811OP2111297564       ,      888911.03  
 26/11/22  ,UPI-RETREAT-PAYTM-59153107@PAYTM-PYTM0123456-233091408840-OID202211262231350                                             ,26/11/22 ,        2551.00     ,           0.00     ,0000233091408840       ,      886360.03  
 01/12/22  ,UPI-YASH GOYAL-9413205223@ICICI-ICIC0DC0099-233515469729-NA                                                              ,01/12/22 ,         180.00     ,           0.00     ,0000233515469729       ,      886180.03  
 02/12/22  ,UPI-SPOTIFY-BILLDESKPG.SPOTIFY@HDFCBANK-HDFC0000499-233606935004-PAY                                                     ,02/12/22 ,        1189.00     ,           0.00     ,0000233606935004       ,      884991.03  
 03/12/22  ,UPI-DHL EXPRESS INDIA PV-DHL-INDIA@SC-SCBL0036074-233710357389-REQPAY                                                    ,03/12/22 ,        1406.00     ,           0.00     ,0000233710357389       ,      883585.03  
 03/12/22  ,UPI-YASH GOYAL-9413205223@ICICI-ICIC0DC0099-233719980604-NA                                                              ,03/12/22 ,          90.00     ,           0.00     ,0000233719980604       ,      883495.03  
 03/12/22  ,UPI-RAKESH GUPTA-Q102626375@YBL-YESB0YBLUPI-233710260878-NA                                                              ,03/12/22 ,          14.00     ,           0.00     ,0000233710260878       ,      883481.03  
 03/12/22  ,UPI-XXXXXX3258-UBIN0554626-233732645334-UPI                                                                              ,03/12/22 ,       24000.00     ,           0.00     ,0000233732645334       ,      859481.03  
 03/12/22  ,UPI-WWW ZARA COM-ZARA.PAYU@HDFCBANK-HDFC0000240-233732638122-REFUND                                                      ,03/12/22 ,           0.00     ,        5090.00     ,0000233732638122       ,      864571.03  
 03/12/22  ,UPI-THE BLUE FRAME-PAYTM-27442829@PAYTM-PYTM0123456-233735784096-OID202212031407280                                      ,03/12/22 ,        1000.00     ,           0.00     ,0000233735784096       ,      863571.03  
 05/12/22  ,DC 1019060021830469 AUTOPAY SI-TAD                                                                                       ,05/12/22 ,        8229.32     ,           0.00     ,0000000472887830       ,      855341.71  
 05/12/22  ,ACH D- GROWW-9R5OGFWG73JP                                                                                                ,05/12/22 ,       10000.00     ,           0.00     ,0000006872119443       ,      845341.71  
 06/12/22  ,UPI-MAITRI N SHAH-MAITRISHAH08@OKAXIS-UTIB0001614-234080281228-FROM VIRTUELLY                                            ,06/12/22 ,           0.00     ,        1406.00     ,0000234080281228       ,      846747.71  
 06/12/22  ,UPI-JYOTI CLINIC-PAYTM-58530807@PAYTM-PYTM0123456-234023032246-OID202212061319360                                        ,06/12/22 ,         120.00     ,           0.00     ,0000234023032246       ,      846627.71  
 06/12/22  ,UPI-DOMINOS PIZZA-DOMINOSPIZZAONLINE@PAYTM-PYTM0123456-234086278806-NA                                                   ,06/12/22 ,         462.00     ,           0.00     ,0000234086278806       ,      846165.71  
 07/12/22  ,INFO EDGE DIV 22 2300000000000000021061                                                                                  ,07/12/22 ,           0.00     ,          20.00     ,0000223409315284       ,      846185.71  
 09/12/22  ,UPI-GOOGLEPAY-GOOG-PAYMENT@OKAXIS-UTIB0000553-234376166185-EARNED FOR USING G                                            ,09/12/22 ,           0.00     ,           5.00     ,0000234376166185       ,      846190.71  
 10/12/22  ,UPI-NITIKA KHANDELWAL-NITIKA1396@OKHDFCBANK-HDFC0001755-234416695100-UPI                                                 ,10/12/22 ,           0.00     ,        1700.00     ,0000234416695100       ,      847890.71  
 11/12/22  ,UPI-DUNZO DIGITAL PRIVAT-DUNZODIGITAL.PAYU@ICICI-ICIC0DC0099-234565303025-UPI TRANSACTION                                ,11/12/22 ,          60.00     ,           0.00     ,0000234565303025       ,      847830.71  
 11/12/22  ,UPI-DHARAPAVITRAM-PAYTM-58964803@PAYTM-PYTM0123456-234560627204-OID202212111929290                                       ,11/12/22 ,         440.00     ,           0.00     ,0000234560627204       ,      847390.71  
 12/12/22  ,UPI-CREDCLUB1-CRED.CLUB@AXISB-UTIB0000114-234656911953-PAYMENT ON CRED                                                   ,12/12/22 ,        5603.21     ,           0.00     ,0000234656911953       ,      841787.50  
 14/12/22  ,UPI-POLICYBAZAAR INSURAN-PAYTM-8735485@PAYTM-PYTM0123456-234803738798-OIDPBSI9144542@POL                                 ,14/12/22 ,        1411.00     ,           0.00     ,0000234803738798       ,      840376.50  
 14/12/22  ,UPI-APNACOMPLEX-APNACOMPLEX.PAYU@ICICI-ICIC0DC0099-234826301962-UPI TRANSACTION FO                                       ,14/12/22 ,        3524.00     ,           0.00     ,0000234826301962       ,      836852.50  
 17/12/22  ,UPI-HENNES N MAURITZ-HENNESNMAURITZ.76042179@HDFCBANK-HDFC0004809-235159412501-REFUND                                    ,17/12/22 ,           0.00     ,        3038.40     ,0000235159412501       ,      839890.90  
 17/12/22  ,UPI-SHIVAM RANA-Q538719079@YBL-HDFC0000289-235134343170-NA                                                               ,17/12/22 ,       20000.00     ,           0.00     ,0000235134343170       ,      819890.90  
 18/12/22  ,POS 512967XXXXXX9293 NPS TRUST                                                                                           ,18/12/22 ,       50000.00     ,           0.00     ,0000000000319124       ,      769890.90  
 18/12/22  ,KTGXAZUIWYCGAI/RAZPBSEINDIACOM                                                                                           ,18/12/22 ,      128400.00     ,           0.00     ,0000223527945432       ,      641490.90  
 19/12/22  ,UPI-RELIANCE JIO INFOCOM-JIO@CITIBANK-CITI0RTGSMI-235339326608-JIO20BR0008PEUO2P1                                        ,19/12/22 ,         395.00     ,           0.00     ,0000235339326608       ,      641095.90  
 23/12/22  ,NEFT CR-DBSS0IN0811-CLARI SOFTWARE PRIVATE LIMITED-HARDIK KHANDELWAL-0811OP2112425054 SALARY FOR DEC 2022                ,23/12/22 ,           0.00     ,      151281.00     ,0811OP2112425054       ,      792376.90  
 26/12/22  ,UPI-MR HARDIK KHANDELWAL-HARDIKKHANDELWAL500-1@OKHDFCBANK-IDIB000J525-236078449357-UPI                                   ,26/12/22 ,        5000.00     ,           0.00     ,0000236078449357       ,      787376.90  
 26/12/22  ,UPI-FPLTECHNOLOGIESPVTLT-ONECARD.RZP@SBI-SBIN0016209-236079430839-UPI                                                    ,26/12/22 ,        1824.65     ,           0.00     ,0000236079430839       ,      785552.25  
 26/12/22  ,UPI-DOMINOS PIZZA-DOMINOSPIZZAONLINE@PAYTM-PYTM0123456-236081214927-NA                                                   ,26/12/22 ,         661.00     ,           0.00     ,0000236081214927       ,      784891.25  
 28/12/22  ,UPI-UNIQUE MEDICOS AGENC-PAYTM-25366321@PAYTM-PYTM0123456-272810800402-OID202212281140350                                ,28/12/22 ,         270.00     ,           0.00     ,0000272810800402       ,      784621.25  
 28/12/22  ,IMPS-236217341507-TATA AIA LIFE INSURA-INDB-XXXXXXXX5155-P2AMOB                                                          ,28/12/22 ,           0.00     ,           1.00     ,0000236217341507       ,      784622.25  
 28/12/22  ,IMPS-236217341827-TATA AIA LIFE INSURA-INDB-XXXXXXXX5155-P2AMOB                                                          ,28/12/22 ,           0.00     ,           1.00     ,0000236217341827       ,      784623.25  
 28/12/22  ,KXJKM6V53YY3BY/RAZPBSEINDIACOM                                                                                           ,28/12/22 ,       50000.00     ,           0.00     ,0000223625420285       ,      734623.25  
 28/12/22  ,ME DC SI 512967XXXXXX9293 SMALLCASE PUBLISHER                                                                            ,28/12/22 ,        4200.00     ,           0.00     ,0000000000726182       ,      730423.25  
 28/12/22  ,1098B71672233960309/NEXTBILLIONTECHNOLOG                                                                                 ,28/12/22 ,       60000.00     ,           0.00     ,0000223625500368       ,      670423.25  
 28/12/22  ,1098BB1672234128971/NEXTBILLIONTECHNOLOG                                                                                 ,28/12/22 ,        2000.00     ,           0.00     ,0000223625503054       ,      668423.25  
 28/12/22  ,UPI-INDMONEY-INDMONEY.SA@ICICI-ICIC0DC0099-236216638060-INDMONEY US STOCKS                                               ,28/12/22 ,           1.00     ,           0.00     ,0000236216638060       ,      668422.25  
 28/12/22  ,UPI-FINZOOMERS SERVICES -FINZOOMERS.RZP@ICICI-ICIC0DC0099-272872422003-INDMONEY                                          ,28/12/22 ,       10000.00     ,           0.00     ,0000272872422003       ,      658422.25  
 01/01/23  ,CREDIT INTEREST CAPITALISED                                                                                              ,31/12/22 ,           0.00     ,        5736.00     ,000000000000000        ,      664158.25  
 03/01/23  ,UPI-INDMONEY-INDMONEY.SA@ICICI-ICIC0DC0099-300333786010-INDMONEY US STOCKS                                               ,03/01/23 ,           1.00     ,           0.00     ,0000300333786010       ,      664157.25  
 05/01/23  ,DC 1019060021830469 AUTOPAY SI-TAD                                                                                       ,05/01/23 ,        8229.32     ,           0.00     ,0000000480281526       ,      655927.93  
 05/01/23  ,UPI-SHREE BHAIRAV FILLIN-PAYTM-8908410@PAYTM-PYTM0123456-337189527980-OID202301051428300                                 ,05/01/23 ,         100.00     ,           0.00     ,0000337189527980       ,      655827.93  
 06/01/23  ,UPI-INDMONEY-INDMONEY.SA@ICICI-ICIC0DC0099-300644103657-INDMONEY US STOCKS                                               ,06/01/23 ,        5000.00     ,           0.00     ,0000300644103657       ,      650827.93  
 06/01/23  ,UPI-INDMONEY-INDMONEY.SA@ICICI-ICIC0DC0099-300644103781-INDMONEY US STOCKS                                               ,06/01/23 ,        2500.00     ,           0.00     ,0000300644103781       ,      648327.93  
 06/01/23  ,UPI-DHARAPAVITRAM-PAYTM-58964803@PAYTM-PYTM0123456-300619451575-OID202301061042120                                       ,06/01/23 ,         114.00     ,           0.00     ,0000300619451575       ,      648213.93  
 06/01/23  ,NEFT CR-ICIC0099999-NEXTBILLION TECHNOLOGY PRIVATE LIMITED CLIENT ACCO-HARDIK KHANDELWAL-CMS3051708882                   ,06/01/23 ,           0.00     ,        1158.70     ,000CMS3051708882       ,      649372.63  
 07/01/23  ,UPI-NAVAL KISHORE-PAYTM-62166477@PAYTM-PYTM0123456-337328037220-OID202301071326520                                       ,07/01/23 ,         150.00     ,           0.00     ,0000337328037220       ,      649222.63  
 07/01/23  ,UPI-MANOJ KUMAR-PAYTM-42767711@PAYTM-PYTM0123456-337328154185-OID202301071328260                                         ,07/01/23 ,          30.00     ,           0.00     ,0000337328154185       ,      649192.63  
 07/01/23  ,UPI-HARISH KESNANI-PAY8946939264@PAYTM-PYTM0123456-337347648202-OID202301071748200                                       ,07/01/23 ,         130.00     ,           0.00     ,0000337347648202       ,      649062.63  
 09/01/23  ,UPI-KAMLESH SHARMA-PAYTM-27298253@PAYTM-PYTM0123456-300916726287-OID202301091029370                                      ,09/01/23 ,          30.00     ,           0.00     ,0000300916726287       ,      649032.63  
 13/01/23  ,UPI-INDMONEY-INDMONEY.SA@ICICI-ICIC0DC0099-301364949146-INDMONEY US STOCKS                                               ,13/01/23 ,        5000.00     ,           0.00     ,0000301364949146       ,      644032.63  
 13/01/23  ,UPI-INDMONEY-INDMONEY.SA@ICICI-ICIC0DC0099-301364949181-INDMONEY US STOCKS                                               ,13/01/23 ,        2500.00     ,           0.00     ,0000301364949181       ,      641532.63  
 13/01/23  ,UPI-MR KUSUM LATA SHARMA-9784349159@PAYTM-IDIB000J525-301348504071-NA                                                    ,13/01/23 ,         350.00     ,           0.00     ,0000301348504071       ,      641182.63  
 13/01/23  ,UPI-NITIKA KHANDELWAL-NITIKA1396@OKHDFCBANK-HDFC0001755-301329197877-UPI                                                 ,13/01/23 ,           0.00     ,         350.00     ,0000301329197877       ,      641532.63  
 16/01/23  ,UPI-NITIKA KHANDELWAL-NITIKA1396@OKHDFCBANK-HDFC0001755-301694775441-UPI                                                 ,17/01/23 ,        6555.00     ,           0.00     ,0000301694775441       ,      634977.63  
 18/01/23  ,UPI-MANAN BINDRA-9001202082@KOTAK-KKBK0003533-301818476243-NA                                                            ,18/01/23 ,      100000.00     ,           0.00     ,0000301818476243       ,      534977.63  
 18/01/23  ,KQTXW54EAJ5KHPW3CU/PAYUTATAAIA                                                                                           ,18/01/23 ,        1411.00     ,           0.00     ,0000230181571937       ,      533566.63  
 18/01/23  ,UPI-CREDCLUB1-CRED.CLUB@AXISB-UTIB0000114-301864242868-PAYMENT ON CRED                                                   ,18/01/23 ,       12902.98     ,           0.00     ,0000301864242868       ,      520663.65  
 20/01/23  ,UPI-INDMONEY-INDMONEY.SA@ICICI-ICIC0DC0099-302083014082-INDMONEY US STOCKS                                               ,20/01/23 ,        5000.00     ,           0.00     ,0000302083014082       ,      515663.65  
 20/01/23  ,UPI-INDMONEY-INDMONEY.SA@ICICI-ICIC0DC0099-302083014152-INDMONEY US STOCKS                                               ,20/01/23 ,        2500.00     ,           0.00     ,0000302083014152       ,      513163.65  
 20/01/23  ,UPI-MOIN KHAN-Q254480496@YBL-YESB0YBLUPI-338678958129-NA                                                                 ,20/01/23 ,        3636.00     ,           0.00     ,0000338678958129       ,      509527.65  
 21/01/23  ,UPI-ARPIT GUPTA-7611867664@PAYTM-PYTM0123456-338721080749-NA                                                             ,21/01/23 ,           0.00     ,        1500.00     ,0000338721080749       ,      511027.65  
 21/01/23  ,UPI-CHAI SUTTA BAR-PAYTM-73608808@PAYTM-PYTM0123456-302194153509-OID202301211717180                                      ,21/01/23 ,         200.00     ,           0.00     ,0000302194153509       ,      510827.65  
 22/01/23  ,UPI-INDIANCLEARINGCORPOR-BSESTARMFRZP@ICICI-ICIC0DC0099-302231201534-NEXTBILLIONTECHNOL                                  ,22/01/23 ,       50000.00     ,           0.00     ,0000302231201534       ,      460827.65  
 22/01/23  ,UPI-INDIANCLEARINGCORPOR-BSESTARMFRZP@ICICI-ICIC0DC0099-302233286491-NEXTBILLIONTECHNOL                                  ,22/01/23 ,       50000.00     ,           0.00     ,0000302233286491       ,      410827.65  
 23/01/23  ,UPI-IEESH KEDAWAT-IEESHKEDAWAT@OKICICI-PYTM0123456-302303835268-UPI                                                      ,23/01/23 ,           0.00     ,        1200.00     ,0000302303835268       ,      412027.65  
 25/01/23  ,NEFT CR-DBSS0IN0811-CLARI SOFTWARE PRIVATE LIMITED-HARDIK KHANDELWAL-0811OP3113860094 SALARY FOR JAN 2023                ,25/01/23 ,           0.00     ,      159335.00     ,0811OP3113860094       ,      571362.65  
 25/01/23  ,UPI-ADD MONEY TO WALLET-ADD-MONEY@PAYTM-PYTM0123456-302588328938-OID20195427146@PAY                                      ,25/01/23 ,         241.00     ,           0.00     ,0000302588328938       ,      571121.65  
 26/01/23  ,UPI-JYOTI CLINIC-PAYTM-58530807@PAYTM-PYTM0123456-339227233612-OID202301261343530                                        ,26/01/23 ,         260.00     ,           0.00     ,0000339227233612       ,      570861.65  
 26/01/23  ,UPI-NAVAL KISHORE-PAYTM-62166477@PAYTM-PYTM0123456-339241210523-OID202301261718220                                       ,26/01/23 ,         140.00     ,           0.00     ,0000339241210523       ,      570721.65  
 27/01/23  ,UPI-SRINIVASA N-Q74249309@YBL-UBIN0814849-302743389452-NA                                                                ,27/01/23 ,        1000.00     ,           0.00     ,0000302743389452       ,      569721.65  
 27/01/23  ,UPI-PVG VENTURES LLP-PAYTM-14778219@PAYTM-PYTM0123456-339391372359-OID20229239279@ONE                                    ,27/01/23 ,        2025.00     ,           0.00     ,0000339391372359       ,      567696.65  
 28/01/23  ,UPI-ADD MONEY TO WALLET-ADD-MONEY@PAYTM-PYTM0123456-302899015166-OID20233621932@PAY                                      ,28/01/23 ,        1000.00     ,           0.00     ,0000302899015166       ,      566696.65  
 30/01/23  ,UPI-SALEEM-7975082502@IBL-KARB0000912-339611143141-NA                                                                    ,30/01/23 ,         155.00     ,           0.00     ,0000339611143141       ,      566541.65  
 30/01/23  ,ACH C- IPAPK9963K-AY2022-23-CE2320894881                                                                                 ,30/01/23 ,           0.00     ,       33130.00     ,0000008237332765       ,      599671.65  
 30/01/23  ,IB BILLPAY DR-HDFC8E-463202XXXXXX6890                                                                                    ,30/01/23 ,       14188.00     ,           0.00     ,MB30201956009T33       ,      585483.65  
 31/01/23  ,UPI-NEXTBILLION TECHNOLO-GROWW.RAZORPAY@HDFCBANK-HDFC0000053-303142220397-GROWW                                          ,31/01/23 ,        7562.00     ,           0.00     ,0000303142220397       ,      577921.65  
 31/01/23  ,UPI-NEXTBILLION TECHNOLO-GROWW.RAZORPAY@HDFCBANK-HDFC0000053-303142208171-GROWW                                          ,31/01/23 ,        3948.00     ,           0.00     ,0000303142208171       ,      573973.65  
 31/01/23  ,UPI-NEXTBILLION TECHNOLO-GROWW.RAZORPAY@HDFCBANK-HDFC0000053-303142223989-GROWW                                          ,31/01/23 ,        1000.00     ,           0.00     ,0000303142223989       ,      572973.65  
 31/01/23  ,UPI-ROCKY SINGH-8653433557@PAYTM-ICIC0000601-339727858882-ADD MESSAG                                                     ,31/01/23 ,           0.00     ,       22675.00     ,0000339727858882       ,      595648.65  
 31/01/23  ,AKARA-WINT30CRNOV22                                                                                                      ,31/01/23 ,           0.00     ,       13752.34     ,0000301314673077       ,      609400.99  
 31/01/23  ,UPI-PIYUSH  SHARMA-PIYUSHSHARMANOV97@OKSBI-SBIN0021224-303132862052-CAB FARE AS PROMIS                                   ,31/01/23 ,         120.00     ,           0.00     ,0000303132862052       ,      609280.99  
 02/02/23  ,UPI-FRESHCO HYPER BAZAAR-BHARATPE907720168046@YESBANKLTD-YESB0YESUPI-339909870794-PAY TO FRESHCO HYP                     ,02/02/23 ,         665.00     ,           0.00     ,0000339909870794       ,      608615.99  
 03/02/23  ,UPI-ONECARD-ONECARD.RZP@MAIRTEL-AIRP0000001-303483599864-UPI                                                             ,03/02/23 ,         309.00     ,           0.00     ,0000303483599864       ,      608306.99  
 03/02/23  ,UPI-MANAS LADHA-MANASLADHA7-1@OKICICI-ICIC0000072-303484716435-UPI                                                       ,03/02/23 ,        1200.00     ,           0.00     ,0000303484716435       ,      607106.99  
 03/02/23  ,ACH C- TCS3RDINTSPLDIV2023-742577                                                                                        ,03/02/23 ,           0.00     ,         225.00     ,0000008310361441       ,      607331.99  
 04/02/23  ,UPI-RELIANCE JIO INFOCOM-JIO@CITIBANK-CITI0RTGSMI-340116880534-JIO20BR0008XB34P40                                        ,04/02/23 ,        2545.00     ,           0.00     ,0000340116880534       ,      604786.99  
 04/02/23  ,UPI-FRESHCO HYPER BAZAAR-BHARATPE907720168046@YESBANKLTD-YESB0YESUPI-340128074612-PAY TO FRESHCO HYP                     ,04/02/23 ,         297.00     ,           0.00     ,0000340128074612       ,      604489.99  
 04/02/23  ,UPI-ROCKY SINGH-8653433557@PAYTM-ICIC0000601-340178239701-NA                                                             ,04/02/23 ,         900.00     ,           0.00     ,0000340178239701       ,      603589.99  
 05/02/23  ,DC 1019060021830469 AUTOPAY SI-TAD                                                                                       ,05/02/23 ,        8229.27     ,           0.00     ,0000000487216068       ,      595360.72  
 05/02/23  ,UPI-CREDCLUB1-CRED.CLUB@AXISB-UTIB0000114-303664883522-PAYMENT ON CRED                                                   ,05/02/23 ,       79997.00     ,           0.00     ,0000303664883522       ,      515363.72  
 05/02/23  ,UPI-INDIANCLEARINGCORPOR-BSESTARMFRZP@ICICI-ICIC0DC0099-303628722193-PAY VIA RAZORPAY                                    ,05/02/23 ,       30000.00     ,           0.00     ,0000303628722193       ,      485363.72  
 05/02/23  ,UPI-INDIANCLEARINGCORPOR-BSESTARMFRZP@ICICI-ICIC0DC0099-303628727645-PAY VIA RAZORPAY                                    ,05/02/23 ,        5000.00     ,           0.00     ,0000303628727645       ,      480363.72  
 05/02/23  ,UPI-INDIANCLEARINGCORPOR-BSESTARMFRZP@ICICI-ICIC0DC0099-303668256675-PAYVIARAZORPAY                                      ,05/02/23 ,        7500.00     ,           0.00     ,0000303668256675       ,      472863.72  
 07/02/23  ,UPI-APNACOMPLEX-APNACOMPLEX.PAYU@ICICI-ICIC0DC0099-303810926280-UPI TRANSACTION FO                                       ,07/02/23 ,        3524.00     ,           0.00     ,0000303810926280       ,      469339.72  
 07/02/23  ,ACH C- WIPROLIMITED-00000000000015588431                                                                                 ,07/02/23 ,           0.00     ,          51.00     ,0000007190861038       ,      469390.72  
 07/02/23  ,CRV POS-512968******3237-0204-PAYPAL *DI                                                                                 ,07/02/23 ,           0.00     ,         386.60     ,000000000000000        ,      469777.32  
 09/02/23  ,UPI-SUYASH THAKUR-SUYASHTHAKUR910@OKAXIS-SBIN0002998-304023614121-UPI                                                    ,09/02/23 ,           0.00     ,        6000.00     ,0000304023614121       ,      475777.32  
 09/02/23  ,UPI-XXXXXX3258-UBIN0554626-304024396744-UPI                                                                              ,09/02/23 ,       24000.00     ,           0.00     ,0000304024396744       ,      451777.32  
 09/02/23  ,ACH C- RAMKRISHNA FORGINGS-2011474                                                                                       ,09/02/23 ,           0.00     ,           3.50     ,0000008612522519       ,      451780.82  
 12/02/23  ,UPI-FRESHCO HYPER BAZAAR-BHARATPE907720168046@YESBANKLTD-YESB0YESUPI-304319580391-PAY TO FRESHCO HYP                     ,12/02/23 ,         439.00     ,           0.00     ,0000304319580391       ,      451341.82  
 13/02/23  ,UPI-NITIKA KHANDELWAL-NITIKA1396@OKHDFCBANK-HDFC0001755-304420042147-JANAM DIN KI HARDI                                  ,13/02/23 ,        5100.00     ,           0.00     ,0000304420042147       ,      446241.82  
 13/02/23  ,UPI-PUMA INDIA-BILLDESKPG.PUMAINDIA@HDFCBANK-HDFC0000499-304471797300-PUMA                                               ,13/02/23 ,        3675.68     ,           0.00     ,0000304471797300       ,      442566.14  
 13/02/23  ,UPI-ADD MONEY TO WALLET-ADD-MONEY@PAYTM-PYTM0123456-304482532211-OID20352847675@ADD                                      ,13/02/23 ,        1000.00     ,           0.00     ,0000304482532211       ,      441566.14  
 13/02/23  ,ACH C- LTIMINDTREE1INT22 23-237311                                                                                       ,13/02/23 ,           0.00     ,          60.00     ,0000008674124364       ,      441626.14  
 13/02/23  ,UPI-BHANUPRIYA S V-Q142095198@YBL-YESB0YBLUPI-304461617933-NA                                                            ,13/02/23 ,          60.00     ,           0.00     ,0000304461617933       ,      441566.14  
 13/02/23  ,UPI-NITIKA KHANDELWAL-NITIKA1396@OKHDFCBANK-HDFC0001755-304433901793-UPI                                                 ,13/02/23 ,           0.00     ,        1000.00     ,0000304433901793       ,      442566.14  
 14/02/23  ,UPI-POLICYBAZAAR INSURAN-PAYTM-8735485@PAYTM-PYTM0123456-304502677807-OIDPBSI9963994@POL                                 ,14/02/23 ,        1411.00     ,           0.00     ,0000304502677807       ,      441155.14  
 14/02/23  ,UPI-FRESHCO HYPER BAZAAR-BHARATPE907720168045@YESBANKLTD-YESB0YESUPI-304573948035-PAY TO FRESHCO HYP                     ,14/02/23 ,          65.00     ,           0.00     ,0000304573948035       ,      441090.14  
 15/02/23  ,RFX 150223NBT03481 USD100.0@84.14                                                                                        ,15/02/23 ,        8414.00     ,           0.00     ,0000150223120767       ,      432676.14  
 15/02/23  ,RFX 150223NBT03481 COMMISSION                                                                                            ,15/02/23 ,         500.00     ,           0.00     ,0000150223120769       ,      432176.14  
 15/02/23  ,150223NBT03481 DPO2304654997724 CGST COM                                                                                 ,15/02/23 ,          45.00     ,           0.00     ,0000150223120771       ,      432131.14  
 15/02/23  ,150223NBT03481 DPO2304654997724 SGST COM                                                                                 ,15/02/23 ,          45.00     ,           0.00     ,0000150223120775       ,      432086.14  
 15/02/23  ,150223NBT03481 DPO2304654997725 CGST                                                                                     ,15/02/23 ,          22.50     ,           0.00     ,0000150223120779       ,      432063.64  
 15/02/23  ,150223NBT03481 DPO2304654997725 SGST                                                                                     ,15/02/23 ,          22.50     ,           0.00     ,0000150223120785       ,      432041.14  
 17/02/23  ,RFX 170223NBT03302 USD150.0@84.09                                                                                        ,17/02/23 ,       12613.50     ,           0.00     ,0000170223134397       ,      419427.64  
 17/02/23  ,RFX 170223NBT03302 COMMISSION                                                                                            ,17/02/23 ,         500.00     ,           0.00     ,0000170223134399       ,      418927.64  
 17/02/23  ,170223NBT03302 DPO2304858034916 CGST COM                                                                                 ,17/02/23 ,          45.00     ,           0.00     ,0000170223134401       ,      418882.64  
 17/02/23  ,170223NBT03302 DPO2304858034916 SGST COM                                                                                 ,17/02/23 ,          45.00     ,           0.00     ,0000170223134405       ,      418837.64  
 17/02/23  ,170223NBT03302 DPO2304858027803 CGST                                                                                     ,17/02/23 ,          22.50     ,           0.00     ,0000170223134409       ,      418815.14  
 17/02/23  ,170223NBT03302 DPO2304858027803 SGST                                                                                     ,17/02/23 ,          22.50     ,           0.00     ,0000170223134413       ,      418792.64  
 17/02/23  ,UPI-BLINKIT-PAYTM-70258461@PAYTM-PYTM0123456-341494093733-BLINKIT PAYMENT                                                ,17/02/23 ,         227.00     ,           0.00     ,0000341494093733       ,      418565.64  
 18/02/23  ,UPI-LIKHITH GOWDA M-BHARATPE.90060532161@FBPE-FDRL0001382-304952114087-PAY TO BHARATPE ME                                ,18/02/23 ,          25.00     ,           0.00     ,0000304952114087       ,      418540.64  
 18/02/23  ,UPI-ANKIT  DAHIYA-9999354116@PAYTM-SBIN0003219-304970775792-NA                                                           ,18/02/23 ,         780.00     ,           0.00     ,0000304970775792       ,      417760.64  
 20/02/23  ,POS 512967XXXXXX9293 GEDDIT CONVENIEN                                                                                    ,20/02/23 ,         255.00     ,           0.00     ,0000000000457031       ,      417505.64  
 20/02/23  ,UPI-FRESHCO HYPER BAZAAR-BHARATPE907720168046@YESBANKLTD-YESB0YESUPI-305169021370-PAY TO FRESHCO HYP                     ,20/02/23 ,         180.00     ,           0.00     ,0000305169021370       ,      417325.64  
 22/02/23  ,UPI-CREDCLUB1-CRED.CLUB@AXISB-UTIB0000114-305367665415-PAYMENT ON CRED                                                   ,22/02/23 ,        1045.41     ,           0.00     ,0000305367665415       ,      416280.23  
 22/02/23  ,UPI-PUNYAWATI  RAI-Q012693581@YBL-YESB0YBLUPI-305361192665-NA                                                            ,22/02/23 ,         120.00     ,           0.00     ,0000305361192665       ,      416160.23  
 23/02/23  ,UPI-GEDDIT CONVENIENCE P-GEDDITCONVENIENCE.RZP@SBI-SBIN0016209-305461750861-NA                                           ,23/02/23 ,         179.00     ,           0.00     ,0000305461750861       ,      415981.23  
 24/02/23  ,NEFT CR-DBSS0IN0811-CLARI SOFTWARE PRIVATE LIMITED-HARDIK KHANDELWAL-0811OP3115288760 SALARY FOR FEB 2023                ,24/02/23 ,           0.00     ,      265550.00     ,0811OP3115288760       ,      681531.23  
 24/02/23  ,UPI-ISHAQ  FAROOQ-Q452676050@YBL-YESB0YBLUPI-305525763368-NA                                                             ,24/02/23 ,         260.00     ,           0.00     ,0000305525763368       ,      681271.23  
 24/02/23  ,UPI-BISWAJIT  MAJHI-Q185816474@YBL-YESB0YBLUPI-305526196425-NA                                                           ,24/02/23 ,          40.00     ,           0.00     ,0000305526196425       ,      681231.23  
 24/02/23  ,ACH C- NTPC LTD-N040223209702                                                                                            ,24/02/23 ,           0.00     ,          51.00     ,0000009125432943       ,      681282.23  
 24/02/23  ,ACH C- BEL INT DIV 2022-23-1208870070487                                                                                 ,24/02/23 ,           0.00     ,          13.20     ,0000009125899873       ,      681295.43  
 24/02/23  ,UPI-BHARTI AIRTEL LIMITE-AIRTEL.PAYU@HDFCBANK-HDFC0000622-342136204408-UPITRANSACTIONFORP                                ,24/02/23 ,         666.00     ,           0.00     ,0000342136204408       ,      680629.43  
 24/02/23  ,UPI-AMAZON PAY-AMAZONPAY@APL-UTIB0000100-305518132573-YOU ARE PAYING FOR                                                 ,24/02/23 ,         354.00     ,           0.00     ,0000305518132573       ,      680275.43  
 24/02/23  ,ACH C- J K PAPER LTD-0000000000000000000                                                                                 ,24/02/23 ,           0.00     ,          40.00     ,0000009145119216       ,      680315.43  
 25/02/23  ,UPI-AMAZON PAY-AMAZONPAY@APL-UTIB0000100-305604874893-YOU ARE PAYING FOR                                                 ,25/02/23 ,         280.46     ,           0.00     ,0000305604874893       ,      680034.97  
 26/02/23  ,UPI-MANAN BINDRA-9001202082@KOTAK-KKBK0003533-305749527117-NA                                                            ,26/02/23 ,      100000.00     ,           0.00     ,0000305749527117       ,      580034.97  
 28/02/23  ,ACH D- GROWW-68K8WGDFML73                                                                                                ,28/02/23 ,        8250.00     ,           0.00     ,0000009210892240       ,      571784.97  
 28/02/23  ,ACH D- GROWW-JT1Y3EZ5Q21T                                                                                                ,28/02/23 ,       33000.00     ,           0.00     ,0000009210892552       ,      538784.97  
 28/02/23  ,ACH D- GROWW-5XSO7BIWCOBL                                                                                                ,28/02/23 ,        5500.00     ,           0.00     ,0000009210892057       ,      533284.97  
 28/02/23  ,UPI-GROWW-GROWW.RZP@AXISBANK-UTIB0001507-305977323290-PAY VIA RAZORPAY                                                   ,28/02/23 ,        6000.00     ,           0.00     ,0000305977323290       ,      527284.97  
 28/02/23  ,UPI-GROWW-GROWW.RZP@AXISBANK-UTIB0001507-305977349102-PAY VIA RAZORPAY                                                   ,28/02/23 ,        6000.00     ,           0.00     ,0000305977349102       ,      521284.97  
 28/02/23  ,UPI-GROWW-GROWW.RZP@AXISBANK-UTIB0001507-305977371551-PAY VIA RAZORPAY                                                   ,28/02/23 ,         500.00     ,           0.00     ,0000305977371551       ,      520784.97  
 28/02/23  ,UPI-FRESHCO HYPER BAZAAR-BHARATPE907720168046@YESBANKLTD-YESB0YESUPI-342549877568-PAY TO FRESHCO HYP                     ,28/02/23 ,         215.00     ,           0.00     ,0000342549877568       ,      520569.97  
 01/03/23  ,ACH C- MGL INT DIV 2022 23-41697                                                                                         ,01/03/23 ,           0.00     ,          50.00     ,0000009354740085       ,      520619.97  
 01/03/23  ,UPI-CREDCLUB1-CRED.CLUB@AXISB-UTIB0000114-306058192426-PAYMENT ON CRED                                                   ,01/03/23 ,        1531.00     ,           0.00     ,0000306058192426       ,      519088.97  
 03/03/23  ,ACH C- ITC LIMITED-1590599                                                                                               ,03/03/23 ,           0.00     ,         108.00     ,0000009449782455       ,      519196.97  
 03/03/23  ,UPI-FLIPKART-PAYTM-56505013@PAYTM-PYTM0123456-342831359002-OIDPZT23030315518H                                            ,03/03/23 ,         379.00     ,           0.00     ,0000342831359002       ,      518817.97  
 04/03/23  ,UPI-FPLTECHNOLOGIESPVTLT-ONECARD.RZP@SBI-SBIN0016209-342920964539-NA                                                     ,04/03/23 ,        1307.57     ,           0.00     ,0000342920964539       ,      517510.40  
 04/03/23  ,UPI-DOMINOS PIZZA-DOMINOSPIZZAONLINE@PAYTM-PYTM0123456-342990496794-NA                                                   ,04/03/23 ,         426.00     ,           0.00     ,0000342990496794       ,      517084.40  
 05/03/23  ,UPI-APNACOMPLEX-APNACOMPLEX.PAYU@ICICI-ICIC0DC0099-306412341411-UPI TRANSACTION FO                                       ,05/03/23 ,        3524.00     ,           0.00     ,0000306412341411       ,      513560.40  
 05/03/23  ,UPI-NYKAACOM-NYKAA.PAYU@AXISBANK-UTIB0000000-306485058974-UPI TRANSACTION FO                                             ,05/03/23 ,         544.00     ,           0.00     ,0000306485058974       ,      513016.40  
 07/03/23  ,UPI-FLIPKART-PAYTM-56505013@PAYTM-PYTM0123456-343216888878-COLLECT                                                       ,07/03/23 ,           0.00     ,         379.00     ,0000343216888878       ,      513395.40  
 07/03/23  ,UPI-MTR MAIYAS HSR LAYOU-PAYTM-74724609@PAYTM-PYTM0123456-343296357696-OID202303072142410                                ,07/03/23 ,         491.99     ,           0.00     ,0000343296357696       ,      512903.41  
 08/03/23  ,UPI-NANDINI-PAYTM-70747343@PAYTM-PYTM0123456-343359754665-OID202303081048420                                             ,08/03/23 ,         270.00     ,           0.00     ,0000343359754665       ,      512633.41  
 08/03/23  ,ACH C- KOEL INT DIV 2022 23-19317                                                                                        ,08/03/23 ,           0.00     ,          15.00     ,0000009617651072       ,      512648.41  
 08/03/23  ,NEFT CR-ICIC0099999-CENTRAL DEPOSITORY SERVICES  INDIA  LIMITED     G-HARDIK KHANDELWAL-CMS3167012198                    ,08/03/23 ,           0.00     ,         118.30     ,000CMS3167012198       ,      512766.71  
 08/03/23  ,UPI-CREDCLUB1-CRED.CLUB@AXISB-UTIB0000114-306705978881-PAYMENT ON CRED                                                   ,08/03/23 ,        8273.83     ,           0.00     ,0000306705978881       ,      504492.88  
 08/03/23  ,UPI-SUYASH  THAKUR-9521408369@PAYTM-SBIN0002998-306771102468-NA                                                          ,08/03/23 ,       10000.00     ,           0.00     ,0000306771102468       ,      494492.88  
 08/03/23  ,UPI-SUYASH  THAKUR-9521408369@PAYTM-SBIN0002998-306771109123-NA                                                          ,08/03/23 ,       10000.00     ,           0.00     ,0000306771109123       ,      484492.88  
 08/03/23  ,UPI-SUYASH  THAKUR-9521408369@PAYTM-SBIN0002998-306771133828-NA                                                          ,08/03/23 ,           0.00     ,       10000.00     ,0000306771133828       ,      494492.88  
 09/03/23  ,ACH C- INT DIV 2022 2023-103102                                                                                          ,09/03/23 ,           0.00     ,         252.00     ,0000009625166039       ,      494744.88  
 09/03/23  ,UPI-ADD MONEY TO WALLET-ADD-MONEY@PAYTM-PYTM0123456-306894096447-OID20538827827@PAY                                      ,09/03/23 ,        1000.00     ,           0.00     ,0000306894096447       ,      493744.88  
 10/03/23  ,ACH C- APOLLO HOSP.IDIV2023-AHL120887007                                                                                 ,10/03/23 ,           0.00     ,          72.00     ,0000009673711260       ,      493816.88  
 11/03/23  ,UPI-D G UNISEX SALON-GPAY-11219171602@OKBIZICICI-ICIC0DC0099-343640522578-NA                                             ,11/03/23 ,         300.00     ,           0.00     ,0000343640522578       ,      493516.88  
 11/03/23  ,UPI-ANKIT  DAHIYA-9999354116@PAYTM-SBIN0003219-307054043215-FOR BILLS ON SPLIT                                           ,11/03/23 ,        1212.00     ,           0.00     ,0000307054043215       ,      492304.88  
 11/03/23  ,UPI-UDIT KRISHNA CHAUDHA-8851297893@PAYTM-IDFB0040101-307054122777-FOR BILLS ON SPLIT                                    ,11/03/23 ,         770.00     ,           0.00     ,0000307054122777       ,      491534.88  
 11/03/23  ,UPI-SHAMBHAVI TEWARI-9878346852@PAYTM-PYTM0123456-307054191195-FOR BILLS ON SPLIT                                        ,11/03/23 ,         495.00     ,           0.00     ,0000307054191195       ,      491039.88  
 11/03/23  ,REV-UPI-50100180034651-HARDIK.KHANDELWAL@PAYTM-307054191195-FOR BILLS ON SPLITWISE.COM                                   ,11/03/23 ,           0.00     ,         495.00     ,0000307054191195       ,      491534.88  
 11/03/23  ,UPI-SHAMBHAVI TEWARI-TEWARISHAMBHAVI30-1@OKHDFCBANK-HDFC0005129-307095008938-UPI                                         ,11/03/23 ,         495.00     ,           0.00     ,0000307095008938       ,      491039.88  
 12/03/23  ,UPI-FRESHCO HYPER BAZAAR-BHARATPE907720168046@YESBANKLTD-YESB0YESUPI-343700845585-PAY TO FRESHCO HYP                     ,12/03/23 ,         789.00     ,           0.00     ,0000343700845585       ,      490250.88  
 14/03/23  ,UPI-POLICYBAZAAR INSURAN-PAYTM-8735485@PAYTM-PYTM0123456-307305228228-OIDPBSI10379734@PO                                 ,14/03/23 ,        1411.00     ,           0.00     ,0000307305228228       ,      488839.88  
 14/03/23  ,UPI-RAPIDO-RAPIDO.RZP@ICICI-ICIC0DC0099-343915788111-UPI PAYMENT                                                         ,14/03/23 ,         114.00     ,           0.00     ,0000343915788111       ,      488725.88  
 14/03/23  ,NEFT CR-DBSS0IN0811-CLARI SOFTWARE PRIVATE LIMITED-HARDIK KHANDELWAL-0811OP3116255202 EXPENSES REIMBURSEMENT BY CLARI    ,14/03/23 ,           0.00     ,        2954.20     ,0811OP3116255202       ,      491680.08  
 15/03/23  ,UPI-YASHASWINI BHANUPRAK-YASHASWINIC106@OKSBI-DBSS0IN0811-307467279183-UPI                                               ,15/03/23 ,         501.00     ,           0.00     ,0000307467279183       ,      491179.08  
 15/03/23  ,UPI-ADD MONEY TO WALLET-ADD-MONEY@PAYTM-PYTM0123456-307482199371-OID20582898748@PAY                                      ,15/03/23 ,        1000.00     ,           0.00     ,0000307482199371       ,      490179.08  
 16/03/23  ,UPI-FRESHCO HYPER BAZAAR-BHARATPE907720168045@YESBANKLTD-YESB0YESUPI-344101677414-PAY TO FRESHCO HYP                     ,16/03/23 ,         214.00     ,           0.00     ,0000344101677414       ,      489965.08  
 17/03/23  ,UPI-SNITCH-GKSNITCH@YESBANK-YESB0000728-307665317310-NA                                                                  ,17/03/23 ,        1079.10     ,           0.00     ,0000307665317310       ,      488885.98  
 20/03/23  ,UPI-ADD MONEY TO WALLET-ADD-MONEY@PAYTM-PYTM0123456-307986563457-OID20620530840@PAY                                      ,20/03/23 ,        1000.00     ,           0.00     ,0000307986563457       ,      487885.98  
 20/03/23  ,UPI-ICE TREAT CAFE-PAYTM-67122657@PAYTM-PYTM0123456-344590712080-OID202303202012270                                      ,20/03/23 ,         370.00     ,           0.00     ,0000344590712080       ,      487515.98  
 20/03/23  ,UPI-YASH ASHOK GHODEKAR-HORSEMAKER.MONEY-1@OKICICI-DBSS0IN0811-307965810495-UPI                                          ,20/03/23 ,           0.00     ,         435.00     ,0000307965810495       ,      487950.98  
 20/03/23  ,UPI-ROCKY SINGH-8653433557@PAYTM-ICIC0000601-344566268314-NA                                                             ,20/03/23 ,           0.00     ,         395.00     ,0000344566268314       ,      488345.98  
 20/03/23  ,UPI-SRINJOY CHOUDHURY-SRINCHOW@OKAXIS-UTIB0000025-307985093363-UPI                                                       ,20/03/23 ,           0.00     ,         250.00     ,0000307985093363       ,      488595.98  
 22/03/23  ,UPI-SUYASH  THAKUR-SUYASHTHAKUR910@OKSBI-SBIN0002998-308181189118-UPI                                                    ,22/03/23 ,           0.00     ,         899.00     ,0000308181189118       ,      489494.98  
 22/03/23  ,UPI-CREDCLUB1-CRED.CLUB@AXISB-UTIB0000114-308142717266-PAYMENT ON CRED                                                   ,22/03/23 ,       26797.00     ,           0.00     ,0000308142717266       ,      462697.98  
 23/03/23  ,UPI-BISWAJIT  MAJHI-Q185816474@YBL-YESB0YBLUPI-308214098008-NA                                                           ,23/03/23 ,          40.00     ,           0.00     ,0000308214098008       ,      462657.98  
 23/03/23  ,UPI-MEDPLUS HARALUKUNTE -PAYTM-68609477@PAYTM-PYTM0123456-308214267323-NA                                                ,23/03/23 ,          15.00     ,           0.00     ,0000308214267323       ,      462642.98  
 23/03/23  ,UPI-AMAZON PAY-AMAZONPAY@YAPL-YESB0APLUPI-308230645965-YOU ARE PAYING FOR                                                ,23/03/23 ,         278.92     ,           0.00     ,0000308230645965       ,      462364.06  
 24/03/23  ,NEFT CR-DBSS0IN0811-CLARI SOFTWARE PRIVATE LIMITED-HARDIK KHANDELWAL-0811OP3116643431 SALARY FOR MAR 2023                ,24/03/23 ,           0.00     ,      196336.00     ,0811OP3116643431       ,      658700.06  
 24/03/23  ,UPI-ROHAN SINGH-RSROHANSINGH10@OKICICI-ICIC0003696-344916712701-UPI                                                      ,24/03/23 ,           0.00     ,         865.00     ,0000344916712701       ,      659565.06  
 24/03/23  ,UPI-SRINJOY CHOUDHURY-SRINCHOW@OKAXIS-UTIB0000025-308321457738-UPI                                                       ,24/03/23 ,           0.00     ,         865.00     ,0000308321457738       ,      660430.06  
 24/03/23  ,UPI-MANAS LADHA-MANASLADHA7-1@OKICICI-ICIC0000072-308365915449-UPI                                                       ,24/03/23 ,           0.00     ,         865.00     ,0000308365915449       ,      661295.06  
 24/03/23  ,UPI-PIYUSH  SHARMA-PIYUSHSHARMANOV97@OKSBI-SBIN0021224-308375260083-UPI                                                  ,24/03/23 ,           0.00     ,         865.00     ,0000308375260083       ,      662160.06  
 24/03/23  ,UPI-SAHIL SHARMA-SHARMA.SAHIL0234@OKICICI-ICIC0003727-344924316609-UPI                                                   ,24/03/23 ,           0.00     ,         865.00     ,0000344924316609       ,      663025.06  
 25/03/23  ,UPI-ADD MONEY TO WALLET-ADD-MONEY@PAYTM-PYTM0123456-308480135917-OID20677251852@PAY                                      ,25/03/23 ,        1000.00     ,           0.00     ,0000308480135917       ,      662025.06  
 25/03/23  ,UPI-ROCKY SINGH-8653433557@PAYTM-ICIC0000601-308427256212-NA                                                             ,25/03/23 ,           0.00     ,         865.00     ,0000308427256212       ,      662890.06  
 26/03/23  ,UPI-GIRI C-GIRI.CHIMBILI-1@OKAXIS-CNRB0000033-308507208374-UPI                                                           ,26/03/23 ,         248.00     ,           0.00     ,0000308507208374       ,      662642.06  
 26/03/23  ,UPI-ASHUTOSH  HANS-9999937920@PAYTM-KKBK0007494-308524535547-NA                                                          ,26/03/23 ,        1200.00     ,           0.00     ,0000308524535547       ,      661442.06  
 27/03/23  ,UPI-NEXTBILLIONTECHNOLOG-GROWW.RAZORPAY@ICICI-ICIC0DC0099-308616550174-PAYVIARAZORPAY                                    ,27/03/23 ,        1000.00     ,           0.00     ,0000308616550174       ,      660442.06  
 27/03/23  ,UPI-NEXTBILLIONTECHNOLOG-GROWW.RAZORPAY@ICICI-ICIC0DC0099-308616630247-PAYVIARAZORPAY                                    ,27/03/23 ,        1500.00     ,           0.00     ,0000308616630247       ,      658942.06  
 28/03/23  ,ACH D- GROWW-A88MI17QM87R                                                                                                ,28/03/23 ,        5500.00     ,           0.00     ,0000000153775009       ,      653442.06  
 28/03/23  ,ACH D- GROWW-S7SMN47Q4V1K                                                                                                ,28/03/23 ,        8250.00     ,           0.00     ,0000000153775133       ,      645192.06  
 28/03/23  ,ACH D- GROWW-6NLKZWF79PYK                                                                                                ,28/03/23 ,       33000.00     ,           0.00     ,0000000153876302       ,      612192.06  
 29/03/23  ,UPI-SAJJAN KUMAR JAIN-SAJJANBALAR@OKHDFCBANK-HDFC0000523-308883548690-UPI                                                ,29/03/23 ,           0.00     ,        8000.00     ,0000308883548690       ,      620192.06  
 29/03/23  ,UPI-SUHAL  AHMED-AHMED.SUHEL16@YBL-CNRB0000033-345466028921-NA                                                           ,29/03/23 ,         150.00     ,           0.00     ,0000345466028921       ,      620042.06  
 29/03/23  ,UPI-CLOUDBERRY YOGURTOP-Q02175609@YBL-YESB0YBLUPI-308878069372-NA                                                        ,29/03/23 ,         179.00     ,           0.00     ,0000308878069372       ,      619863.06  
 30/03/23  ,ACH C- BEL2NDINTDIV 2022-23-120887007048                                                                                 ,30/03/23 ,           0.00     ,          14.40     ,0000000292902873       ,      619877.46  
 31/03/23  ,UPI-GROWW-GROWW.RZP@AXISBANK-UTIB0001507-309017248593-PAY VIA RAZORPAY                                                   ,31/03/23 ,       15000.00     ,           0.00     ,0000309017248593       ,      604877.46  
 01/04/23  ,CREDIT INTEREST CAPITALISED                                                                                              ,31/03/23 ,           0.00     ,        4005.00     ,000000000000000        ,      608882.46  
